{
  "ticker": "ADBE",
  "endpoint": "income-statement",
  "fetched_at": "2025-09-05T14:21:21.766238",
  "data": [
    {
      "date": "2025-05-30",
      "symbol": "ADBE",
      "reportedCurrency": "USD",
      "cik": "0000796343",
      "filingDate": "2025-06-25",
      "acceptedDate": "2025-06-25 16:02:29",
      "fiscalYear": "2025",
      "period": "Q2",
      "revenue": 5873000000,
      "costOfRevenue": 638000000,
      "grossProfit": 5235000000,
      "researchAndDevelopmentExpenses": 1082000000,
      "generalAndAdministrativeExpenses": 377000000,
      "sellingAndMarketingExpenses": 1626000000,
      "sellingGeneralAndAdministrativeExpenses": 2003000000,
      "otherExpenses": 41000000,
      "operatingExpenses": 3126000000,
      "costAndExpenses": 3764000000,
      "netInterestIncome": -68000000,
      "interestIncome": 0,
      "interestExpense": 68000000,
      "depreciationAndAmortization": 209000000,
      "ebitda": 2378000000,
      "ebit": 2169000000,
      "nonOperatingIncomeExcludingInterest": -60000000,
      "operatingIncome": 2109000000,
      "totalOtherIncomeExpensesNet": -8000000,
      "incomeBeforeTax": 2101000000,
      "incomeTaxExpense": 410000000,
      "netIncomeFromContinuingOperations": 1691000000,
      "netIncomeFromDiscontinuedOperations": 0,
      "otherAdjustmentsToNetIncome": 0,
      "netIncome": 1691000000,
      "netIncomeDeductions": 0,
      "bottomLineNetIncome": 1691000000,
      "eps": 3.95,
      "epsDiluted": 3.95,
      "weightedAverageShsOut": 432000000,
      "weightedAverageShsOutDil": 433000000
    },
    {
      "date": "2025-02-28",
      "symbol": "ADBE",
      "reportedCurrency": "USD",
      "cik": "0000796343",
      "filingDate": "2025-03-26",
      "acceptedDate": "2025-03-26 16:03:42",
      "fiscalYear": "2025",
      "period": "Q1",
      "revenue": 5714000000,
      "costOfRevenue": 622000000,
      "grossProfit": 5092000000,
      "researchAndDevelopmentExpenses": 1026000000,
      "generalAndAdministrativeExpenses": 367000000,
      "sellingAndMarketingExpenses": 1495000000,
      "sellingGeneralAndAdministrativeExpenses": 1862000000,
      "otherExpenses": 41000000,
      "operatingExpenses": 2929000000,
      "costAndExpenses": 3551000000,
      "netInterestIncome": -62000000,
      "interestIncome": 0,
      "interestExpense": 62000000,
      "depreciationAndAmortization": 217000000,
      "ebitda": 2461000000,
      "ebit": 2244000000,
      "nonOperatingIncomeExcludingInterest": -81000000,
      "operatingIncome": 2163000000,
      "totalOtherIncomeExpensesNet": 19000000,
      "incomeBeforeTax": 2182000000,
      "incomeTaxExpense": 371000000,
      "netIncomeFromContinuingOperations": 1811000000,
      "netIncomeFromDiscontinuedOperations": 0,
      "otherAdjustmentsToNetIncome": 0,
      "netIncome": 1811000000,
      "netIncomeDeductions": 0,
      "bottomLineNetIncome": 1811000000,
      "eps": 4.15,
      "epsDiluted": 4.13,
      "weightedAverageShsOut": 436000000,
      "weightedAverageShsOutDil": 438000000
    },
    {
      "date": "2024-11-29",
      "symbol": "ADBE",
      "reportedCurrency": "USD",
      "cik": "0000796343",
      "filingDate": "2025-01-13",
      "acceptedDate": "2025-01-13 16:02:17",
      "fiscalYear": "2024",
      "period": "Q4",
      "revenue": 5606000000,
      "costOfRevenue": 616000000,
      "grossProfit": 4990000000,
      "researchAndDevelopmentExpenses": 999000000,
      "generalAndAdministrativeExpenses": 456000000,
      "sellingAndMarketingExpenses": 1536000000,
      "sellingGeneralAndAdministrativeExpenses": 1992000000,
      "otherExpenses": 42000000,
      "operatingExpenses": 3033000000,
      "costAndExpenses": 3649000000,
      "netInterestIncome": -50000000,
      "interestIncome": 0,
      "interestExpense": 50000000,
      "depreciationAndAmortization": 218000000,
      "ebitda": 2259000000,
      "ebit": 2041000000,
      "nonOperatingIncomeExcludingInterest": -84000000,
      "operatingIncome": 1957000000,
      "totalOtherIncomeExpensesNet": 34000000,
      "incomeBeforeTax": 1991000000,
      "incomeTaxExpense": 308000000,
      "netIncomeFromContinuingOperations": 1683000000,
      "netIncomeFromDiscontinuedOperations": 0,
      "otherAdjustmentsToNetIncome": 0,
      "netIncome": 1683000000,
      "netIncomeDeductions": 0,
      "bottomLineNetIncome": 1683000000,
      "eps": 3.81,
      "epsDiluted": 3.8,
      "weightedAverageShsOut": 443000000,
      "weightedAverageShsOutDil": 443000000
    },
    {
      "date": "2024-08-30",
      "symbol": "ADBE",
      "reportedCurrency": "USD",
      "cik": "0000796343",
      "filingDate": "2024-09-25",
      "acceptedDate": "2024-09-25 16:01:59",
      "fiscalYear": "2024",
      "period": "Q3",
      "revenue": 5408000000,
      "costOfRevenue": 554000000,
      "grossProfit": 4854000000,
      "researchAndDevelopmentExpenses": 1022000000,
      "generalAndAdministrativeExpenses": 366000000,
      "sellingAndMarketingExpenses": 1431000000,
      "sellingGeneralAndAdministrativeExpenses": 1797000000,
      "otherExpenses": 43000000,
      "operatingExpenses": 2862000000,
      "costAndExpenses": 3416000000,
      "netInterestIncome": -51000000,
      "interestIncome": 0,
      "interestExpense": 51000000,
      "depreciationAndAmortization": 213000000,
      "ebitda": 2306000000,
      "ebit": 2093000000,
      "nonOperatingIncomeExcludingInterest": -101000000,
      "operatingIncome": 1992000000,
      "totalOtherIncomeExpensesNet": 50000000,
      "incomeBeforeTax": 2042000000,
      "incomeTaxExpense": 358000000,
      "netIncomeFromContinuingOperations": 1684000000,
      "netIncomeFromDiscontinuedOperations": 0,
      "otherAdjustmentsToNetIncome": 0,
      "netIncome": 1684000000,
      "netIncomeDeductions": 0,
      "bottomLineNetIncome": 1684000000,
      "eps": 3.78,
      "epsDiluted": 3.76,
      "weightedAverageShsOut": 445000000,
      "weightedAverageShsOutDil": 448000000
    },
    {
      "date": "2024-05-31",
      "symbol": "ADBE",
      "reportedCurrency": "USD",
      "cik": "0000796343",
      "filingDate": "2024-06-26",
      "acceptedDate": "2024-06-26 16:03:14",
      "fiscalYear": "2024",
      "period": "Q2",
      "revenue": 5309000000,
      "costOfRevenue": 598000000,
      "grossProfit": 4711000000,
      "researchAndDevelopmentExpenses": 984000000,
      "generalAndAdministrativeExpenses": 355000000,
      "sellingAndMarketingExpenses": 1445000000,
      "sellingGeneralAndAdministrativeExpenses": 1800000000,
      "otherExpenses": 42000000,
      "operatingExpenses": 2826000000,
      "costAndExpenses": 3424000000,
      "netInterestIncome": -41000000,
      "interestIncome": 0,
      "interestExpense": 41000000,
      "depreciationAndAmortization": 214000000,
      "ebitda": 2185000000,
      "ebit": 1971000000,
      "nonOperatingIncomeExcludingInterest": -86000000,
      "operatingIncome": 1885000000,
      "totalOtherIncomeExpensesNet": 45000000,
      "incomeBeforeTax": 1930000000,
      "incomeTaxExpense": 357000000,
      "netIncomeFromContinuingOperations": 1573000000,
      "netIncomeFromDiscontinuedOperations": 0,
      "otherAdjustmentsToNetIncome": 0,
      "netIncome": 1573000000,
      "netIncomeDeductions": 0,
      "bottomLineNetIncome": 1573000000,
      "eps": 3.5,
      "epsDiluted": 3.49,
      "weightedAverageShsOut": 449000000,
      "weightedAverageShsOutDil": 451000000
    },
    {
      "date": "2024-03-01",
      "symbol": "ADBE",
      "reportedCurrency": "USD",
      "cik": "0000796343",
      "filingDate": "2024-03-27",
      "acceptedDate": "2024-03-27 08:05:50",
      "fiscalYear": "2024",
      "period": "Q1",
      "revenue": 5182000000,
      "costOfRevenue": 590000000,
      "grossProfit": 4592000000,
      "researchAndDevelopmentExpenses": 939000000,
      "generalAndAdministrativeExpenses": 352000000,
      "sellingAndMarketingExpenses": 1352000000,
      "sellingGeneralAndAdministrativeExpenses": 1704000000,
      "otherExpenses": 1042000000,
      "operatingExpenses": 3685000000,
      "costAndExpenses": 4275000000,
      "netInterestIncome": -27000000,
      "interestIncome": 0,
      "interestExpense": 27000000,
      "depreciationAndAmortization": 212000000,
      "ebitda": 1207000000,
      "ebit": 995000000,
      "nonOperatingIncomeExcludingInterest": -88000000,
      "operatingIncome": 907000000,
      "totalOtherIncomeExpensesNet": 61000000,
      "incomeBeforeTax": 968000000,
      "incomeTaxExpense": 348000000,
      "netIncomeFromContinuingOperations": 620000000,
      "netIncomeFromDiscontinuedOperations": 0,
      "otherAdjustmentsToNetIncome": 0,
      "netIncome": 620000000,
      "netIncomeDeductions": 0,
      "bottomLineNetIncome": 620000000,
      "eps": 1.37,
      "epsDiluted": 1.36,
      "weightedAverageShsOut": 453000000,
      "weightedAverageShsOutDil": 456000000
    },
    {
      "date": "2023-12-01",
      "symbol": "ADBE",
      "reportedCurrency": "USD",
      "cik": "0000796343",
      "filingDate": "2024-01-17",
      "acceptedDate": "2024-01-16 20:01:55",
      "fiscalYear": "2023",
      "period": "Q4",
      "revenue": 5048000000,
      "costOfRevenue": 634000000,
      "grossProfit": 4414000000,
      "researchAndDevelopmentExpenses": 889000000,
      "generalAndAdministrativeExpenses": 372000000,
      "sellingAndMarketingExpenses": 1368000000,
      "sellingGeneralAndAdministrativeExpenses": 1740000000,
      "otherExpenses": 42000000,
      "operatingExpenses": 2671000000,
      "costAndExpenses": 3305000000,
      "netInterestIncome": 241000000,
      "interestIncome": 269000000,
      "interestExpense": 28000000,
      "depreciationAndAmortization": 240000000,
      "ebitda": 2076000000,
      "ebit": 1836000000,
      "nonOperatingIncomeExcludingInterest": -93000000,
      "operatingIncome": 1743000000,
      "totalOtherIncomeExpensesNet": 65000000,
      "incomeBeforeTax": 1808000000,
      "incomeTaxExpense": 325000000,
      "netIncomeFromContinuingOperations": 1483000000,
      "netIncomeFromDiscontinuedOperations": 0,
      "otherAdjustmentsToNetIncome": 0,
      "netIncome": 1483000000,
      "netIncomeDeductions": 0,
      "bottomLineNetIncome": 1483000000,
      "eps": 3.26,
      "epsDiluted": 3.23,
      "weightedAverageShsOut": 455000000,
      "weightedAverageShsOutDil": 459000000
    },
    {
      "date": "2023-09-01",
      "symbol": "ADBE",
      "reportedCurrency": "USD",
      "cik": "0000796343",
      "filingDate": "2023-09-27",
      "acceptedDate": "2023-09-27 16:05:22",
      "fiscalYear": "2023",
      "period": "Q3",
      "revenue": 4890000000,
      "costOfRevenue": 580000000,
      "grossProfit": 4310000000,
      "researchAndDevelopmentExpenses": 881000000,
      "generalAndAdministrativeExpenses": 353000000,
      "sellingAndMarketingExpenses": 1337000000,
      "sellingGeneralAndAdministrativeExpenses": 1690000000,
      "otherExpenses": 42000000,
      "operatingExpenses": 2613000000,
      "costAndExpenses": 3193000000,
      "netInterestIncome": -27000000,
      "interestIncome": 0,
      "interestExpense": 27000000,
      "depreciationAndAmortization": 236000000,
      "ebitda": 2006000000,
      "ebit": 1770000000,
      "nonOperatingIncomeExcludingInterest": -73000000,
      "operatingIncome": 1697000000,
      "totalOtherIncomeExpensesNet": 46000000,
      "incomeBeforeTax": 1743000000,
      "incomeTaxExpense": 340000000,
      "netIncomeFromContinuingOperations": 1403000000,
      "netIncomeFromDiscontinuedOperations": 0,
      "otherAdjustmentsToNetIncome": 0,
      "netIncome": 1403000000,
      "netIncomeDeductions": 0,
      "bottomLineNetIncome": 1403000000,
      "eps": 3.07,
      "epsDiluted": 3.05,
      "weightedAverageShsOut": 456000000,
      "weightedAverageShsOutDil": 459000000
    },
    {
      "date": "2023-06-02",
      "symbol": "ADBE",
      "reportedCurrency": "USD",
      "cik": "0000796343",
      "filingDate": "2023-06-28",
      "acceptedDate": "2023-06-28 16:25:23",
      "fiscalYear": "2023",
      "period": "Q2",
      "revenue": 4816000000,
      "costOfRevenue": 572000000,
      "grossProfit": 4244000000,
      "researchAndDevelopmentExpenses": 876000000,
      "generalAndAdministrativeExpenses": 357000000,
      "sellingAndMarketingExpenses": 1345000000,
      "sellingGeneralAndAdministrativeExpenses": 1702000000,
      "otherExpenses": 42000000,
      "operatingExpenses": 2620000000,
      "costAndExpenses": 3192000000,
      "netInterestIncome": -26000000,
      "interestIncome": 0,
      "interestExpense": 26000000,
      "depreciationAndAmortization": 235000000,
      "ebitda": 1911000000,
      "ebit": 1676000000,
      "nonOperatingIncomeExcludingInterest": -52000000,
      "operatingIncome": 1624000000,
      "totalOtherIncomeExpensesNet": 26000000,
      "incomeBeforeTax": 1650000000,
      "incomeTaxExpense": 355000000,
      "netIncomeFromContinuingOperations": 1295000000,
      "netIncomeFromDiscontinuedOperations": 0,
      "otherAdjustmentsToNetIncome": 0,
      "netIncome": 1295000000,
      "netIncomeDeductions": 0,
      "bottomLineNetIncome": 1295000000,
      "eps": 2.83,
      "epsDiluted": 2.82,
      "weightedAverageShsOut": 458000000,
      "weightedAverageShsOutDil": 459000000
    },
    {
      "date": "2023-03-03",
      "symbol": "ADBE",
      "reportedCurrency": "USD",
      "cik": "0000796343",
      "filingDate": "2023-03-29",
      "acceptedDate": "2023-03-29 17:15:50",
      "fiscalYear": "2023",
      "period": "Q1",
      "revenue": 4655000000,
      "costOfRevenue": 568000000,
      "grossProfit": 4087000000,
      "researchAndDevelopmentExpenses": 827000000,
      "generalAndAdministrativeExpenses": 331000000,
      "sellingAndMarketingExpenses": 1301000000,
      "sellingGeneralAndAdministrativeExpenses": 1632000000,
      "otherExpenses": 42000000,
      "operatingExpenses": 2501000000,
      "costAndExpenses": 3069000000,
      "netInterestIncome": -32000000,
      "interestIncome": 0,
      "interestExpense": 32000000,
      "depreciationAndAmortization": 212000000,
      "ebitda": 1798000000,
      "ebit": 1586000000,
      "nonOperatingIncomeExcludingInterest": 0,
      "operatingIncome": 1586000000,
      "totalOtherIncomeExpensesNet": 12000000,
      "incomeBeforeTax": 1598000000,
      "incomeTaxExpense": 351000000,
      "netIncomeFromContinuingOperations": 1247000000,
      "netIncomeFromDiscontinuedOperations": 0,
      "otherAdjustmentsToNetIncome": 0,
      "netIncome": 1247000000,
      "netIncomeDeductions": 0,
      "bottomLineNetIncome": 1247000000,
      "eps": 2.71,
      "epsDiluted": 2.71,
      "weightedAverageShsOut": 459500000,
      "weightedAverageShsOutDil": 459500000
    },
    {
      "date": "2022-12-02",
      "symbol": "ADBE",
      "reportedCurrency": "USD",
      "cik": "0000796343",
      "filingDate": "2023-01-17",
      "acceptedDate": "2023-01-17 16:34:00",
      "fiscalYear": "2022",
      "period": "Q4",
      "revenue": 4525000000,
      "costOfRevenue": 568000000,
      "grossProfit": 3957000000,
      "researchAndDevelopmentExpenses": 773000000,
      "generalAndAdministrativeExpenses": 340000000,
      "sellingAndMarketingExpenses": 1297000000,
      "sellingGeneralAndAdministrativeExpenses": 1637000000,
      "otherExpenses": 42000000,
      "operatingExpenses": 2452000000,
      "costAndExpenses": 3020000000,
      "netInterestIncome": -28000000,
      "interestIncome": 0,
      "interestExpense": 28000000,
      "depreciationAndAmortization": 215000000,
      "ebitda": 1720000000,
      "ebit": 1505000000,
      "nonOperatingIncomeExcludingInterest": 0,
      "operatingIncome": 1505000000,
      "totalOtherIncomeExpensesNet": 12000000,
      "incomeBeforeTax": 1517000000,
      "incomeTaxExpense": 341000000,
      "netIncomeFromContinuingOperations": 1176000000,
      "netIncomeFromDiscontinuedOperations": 0,
      "otherAdjustmentsToNetIncome": 0,
      "netIncome": 1176000000,
      "netIncomeDeductions": 0,
      "bottomLineNetIncome": 1176000000,
      "eps": 2.53,
      "epsDiluted": 2.52,
      "weightedAverageShsOut": 465307000,
      "weightedAverageShsOutDil": 466000000
    },
    {
      "date": "2022-09-02",
      "symbol": "ADBE",
      "reportedCurrency": "USD",
      "cik": "0000796343",
      "filingDate": "2022-09-28",
      "acceptedDate": "2022-09-28 16:03:14",
      "fiscalYear": "2022",
      "period": "Q3",
      "revenue": 4433000000,
      "costOfRevenue": 546000000,
      "grossProfit": 3887000000,
      "researchAndDevelopmentExpenses": 775000000,
      "generalAndAdministrativeExpenses": 319000000,
      "sellingAndMarketingExpenses": 1266000000,
      "sellingGeneralAndAdministrativeExpenses": 1585000000,
      "otherExpenses": 43000000,
      "operatingExpenses": 2403000000,
      "costAndExpenses": 2949000000,
      "netInterestIncome": -28000000,
      "interestIncome": 0,
      "interestExpense": 28000000,
      "depreciationAndAmortization": 216000000,
      "ebitda": 1700000000,
      "ebit": 1484000000,
      "nonOperatingIncomeExcludingInterest": 0,
      "operatingIncome": 1484000000,
      "totalOtherIncomeExpensesNet": -28000000,
      "incomeBeforeTax": 1456000000,
      "incomeTaxExpense": 320000000,
      "netIncomeFromContinuingOperations": 1136000000,
      "netIncomeFromDiscontinuedOperations": 0,
      "otherAdjustmentsToNetIncome": 0,
      "netIncome": 1136000000,
      "netIncomeDeductions": 0,
      "bottomLineNetIncome": 1136000000,
      "eps": 2.42,
      "epsDiluted": 2.42,
      "weightedAverageShsOut": 469000000,
      "weightedAverageShsOutDil": 469000000
    },
    {
      "date": "2022-06-03",
      "symbol": "ADBE",
      "reportedCurrency": "USD",
      "cik": "0000796343",
      "filingDate": "2022-06-29",
      "acceptedDate": "2022-06-29 16:12:27",
      "fiscalYear": "2022",
      "period": "Q2",
      "revenue": 4386000000,
      "costOfRevenue": 539000000,
      "grossProfit": 3847000000,
      "researchAndDevelopmentExpenses": 738000000,
      "generalAndAdministrativeExpenses": 291000000,
      "sellingAndMarketingExpenses": 1247000000,
      "sellingGeneralAndAdministrativeExpenses": 1538000000,
      "otherExpenses": 42000000,
      "operatingExpenses": 2318000000,
      "costAndExpenses": 2857000000,
      "netInterestIncome": -28000000,
      "interestIncome": 0,
      "interestExpense": 28000000,
      "depreciationAndAmortization": 232000000,
      "ebitda": 1752000000,
      "ebit": 1520000000,
      "nonOperatingIncomeExcludingInterest": 9000000,
      "operatingIncome": 1529000000,
      "totalOtherIncomeExpensesNet": -37000000,
      "incomeBeforeTax": 1492000000,
      "incomeTaxExpense": 314000000,
      "netIncomeFromContinuingOperations": 1178000000,
      "netIncomeFromDiscontinuedOperations": 0,
      "otherAdjustmentsToNetIncome": 0,
      "netIncome": 1178000000,
      "netIncomeDeductions": 0,
      "bottomLineNetIncome": 1178000000,
      "eps": 2.5,
      "epsDiluted": 2.49,
      "weightedAverageShsOut": 472000000,
      "weightedAverageShsOutDil": 473000000
    },
    {
      "date": "2022-03-04",
      "symbol": "ADBE",
      "reportedCurrency": "USD",
      "cik": "0000796343",
      "filingDate": "2022-03-30",
      "acceptedDate": "2022-03-30 16:22:21",
      "fiscalYear": "2022",
      "period": "Q1",
      "revenue": 4262000000,
      "costOfRevenue": 512000000,
      "grossProfit": 3750000000,
      "researchAndDevelopmentExpenses": 701000000,
      "generalAndAdministrativeExpenses": 269000000,
      "sellingAndMarketingExpenses": 1158000000,
      "sellingGeneralAndAdministrativeExpenses": 1427000000,
      "otherExpenses": 42000000,
      "operatingExpenses": 2170000000,
      "costAndExpenses": 2682000000,
      "netInterestIncome": -28000000,
      "interestIncome": 0,
      "interestExpense": 28000000,
      "depreciationAndAmortization": 235000000,
      "ebitda": 1806000000,
      "ebit": 1571000000,
      "nonOperatingIncomeExcludingInterest": 9000000,
      "operatingIncome": 1580000000,
      "totalOtherIncomeExpensesNet": -37000000,
      "incomeBeforeTax": 1543000000,
      "incomeTaxExpense": 277000000,
      "netIncomeFromContinuingOperations": 1266000000,
      "netIncomeFromDiscontinuedOperations": 0,
      "otherAdjustmentsToNetIncome": 0,
      "netIncome": 1266000000,
      "netIncomeDeductions": 0,
      "bottomLineNetIncome": 1266000000,
      "eps": 2.67,
      "epsDiluted": 2.67,
      "weightedAverageShsOut": 473000000,
      "weightedAverageShsOutDil": 475000000
    },
    {
      "date": "2021-12-03",
      "symbol": "ADBE",
      "reportedCurrency": "USD",
      "cik": "0000796343",
      "filingDate": "2022-01-21",
      "acceptedDate": "2022-01-21 16:03:34",
      "fiscalYear": "2021",
      "period": "Q4",
      "revenue": 4110000000,
      "costOfRevenue": 507000000,
      "grossProfit": 3603000000,
      "researchAndDevelopmentExpenses": 657000000,
      "generalAndAdministrativeExpenses": 274000000,
      "sellingAndMarketingExpenses": 1131000000,
      "sellingGeneralAndAdministrativeExpenses": 1405000000,
      "otherExpenses": 40000000,
      "operatingExpenses": 2102000000,
      "costAndExpenses": 2609000000,
      "netInterestIncome": -11000000,
      "interestIncome": 17000000,
      "interestExpense": 28000000,
      "depreciationAndAmortization": 225000000,
      "ebitda": 1721000000,
      "ebit": 1496000000,
      "nonOperatingIncomeExcludingInterest": 5000000,
      "operatingIncome": 1501000000,
      "totalOtherIncomeExpensesNet": -33000000,
      "incomeBeforeTax": 1468000000,
      "incomeTaxExpense": 235000000,
      "netIncomeFromContinuingOperations": 1233000000,
      "netIncomeFromDiscontinuedOperations": 0,
      "otherAdjustmentsToNetIncome": 0,
      "netIncome": 1233000000,
      "netIncomeDeductions": 0,
      "bottomLineNetIncome": 1233000000,
      "eps": 2.59,
      "epsDiluted": 2.57,
      "weightedAverageShsOut": 476000000,
      "weightedAverageShsOutDil": 480000000
    },
    {
      "date": "2021-09-03",
      "symbol": "ADBE",
      "reportedCurrency": "USD",
      "cik": "0000796343",
      "filingDate": "2021-09-29",
      "acceptedDate": "2021-09-29 16:02:05",
      "fiscalYear": "2021",
      "period": "Q3",
      "revenue": 3935000000,
      "costOfRevenue": 467000000,
      "grossProfit": 3468000000,
      "researchAndDevelopmentExpenses": 651000000,
      "generalAndAdministrativeExpenses": 265000000,
      "sellingAndMarketingExpenses": 1068000000,
      "sellingGeneralAndAdministrativeExpenses": 1333000000,
      "otherExpenses": 43000000,
      "operatingExpenses": 2027000000,
      "costAndExpenses": 2494000000,
      "netInterestIncome": -27000000,
      "interestIncome": 0,
      "interestExpense": 27000000,
      "depreciationAndAmortization": 213000000,
      "ebitda": 1658000000,
      "ebit": 1445000000,
      "nonOperatingIncomeExcludingInterest": -4000000,
      "operatingIncome": 1441000000,
      "totalOtherIncomeExpensesNet": -23000000,
      "incomeBeforeTax": 1418000000,
      "incomeTaxExpense": 206000000,
      "netIncomeFromContinuingOperations": 1212000000,
      "netIncomeFromDiscontinuedOperations": 0,
      "otherAdjustmentsToNetIncome": 0,
      "netIncome": 1212000000,
      "netIncomeDeductions": 0,
      "bottomLineNetIncome": 1212000000,
      "eps": 2.54,
      "epsDiluted": 2.52,
      "weightedAverageShsOut": 477000000,
      "weightedAverageShsOutDil": 481000000
    },
    {
      "date": "2021-06-04",
      "symbol": "ADBE",
      "reportedCurrency": "USD",
      "cik": "0000796343",
      "filingDate": "2021-06-30",
      "acceptedDate": "2021-06-30 16:02:16",
      "fiscalYear": "2021",
      "period": "Q2",
      "revenue": 3835000000,
      "costOfRevenue": 444000000,
      "grossProfit": 3391000000,
      "researchAndDevelopmentExpenses": 620000000,
      "generalAndAdministrativeExpenses": 256000000,
      "sellingAndMarketingExpenses": 1073000000,
      "sellingGeneralAndAdministrativeExpenses": 1329000000,
      "otherExpenses": 44000000,
      "operatingExpenses": 1985000000,
      "costAndExpenses": 2429000000,
      "netInterestIncome": -28000000,
      "interestIncome": 0,
      "interestExpense": 28000000,
      "depreciationAndAmortization": 208000000,
      "ebitda": 1622000000,
      "ebit": 1414000000,
      "nonOperatingIncomeExcludingInterest": -8000000,
      "operatingIncome": 1406000000,
      "totalOtherIncomeExpensesNet": -20000000,
      "incomeBeforeTax": 1386000000,
      "incomeTaxExpense": 270000000,
      "netIncomeFromContinuingOperations": 1116000000,
      "netIncomeFromDiscontinuedOperations": 0,
      "otherAdjustmentsToNetIncome": 0,
      "netIncome": 1116000000,
      "netIncomeDeductions": 0,
      "bottomLineNetIncome": 1116000000,
      "eps": 2.34,
      "epsDiluted": 2.32,
      "weightedAverageShsOut": 478000000,
      "weightedAverageShsOutDil": 481000000
    },
    {
      "date": "2021-03-05",
      "symbol": "ADBE",
      "reportedCurrency": "USD",
      "cik": "0000796343",
      "filingDate": "2021-03-31",
      "acceptedDate": "2021-03-31 16:02:34",
      "fiscalYear": "2021",
      "period": "Q1",
      "revenue": 3905000000,
      "costOfRevenue": 447000000,
      "grossProfit": 3458000000,
      "researchAndDevelopmentExpenses": 620000000,
      "generalAndAdministrativeExpenses": 290000000,
      "sellingAndMarketingExpenses": 1049000000,
      "sellingGeneralAndAdministrativeExpenses": 1339000000,
      "otherExpenses": 45000000,
      "operatingExpenses": 2004000000,
      "costAndExpenses": 2451000000,
      "netInterestIncome": -30000000,
      "interestIncome": 0,
      "interestExpense": 30000000,
      "depreciationAndAmortization": 196000000,
      "ebitda": 1659000000,
      "ebit": 1463000000,
      "nonOperatingIncomeExcludingInterest": -9000000,
      "operatingIncome": 1454000000,
      "totalOtherIncomeExpensesNet": -21000000,
      "incomeBeforeTax": 1433000000,
      "incomeTaxExpense": 172000000,
      "netIncomeFromContinuingOperations": 1261000000,
      "netIncomeFromDiscontinuedOperations": 0,
      "otherAdjustmentsToNetIncome": 0,
      "netIncome": 1261000000,
      "netIncomeDeductions": 0,
      "bottomLineNetIncome": 1261000000,
      "eps": 2.63,
      "epsDiluted": 2.61,
      "weightedAverageShsOut": 479000000,
      "weightedAverageShsOutDil": 483000000
    },
    {
      "date": "2020-11-27",
      "symbol": "ADBE",
      "reportedCurrency": "USD",
      "cik": "0000796343",
      "filingDate": "2021-01-15",
      "acceptedDate": "2021-01-15 16:03:42",
      "fiscalYear": "2020",
      "period": "Q4",
      "revenue": 3424000000,
      "costOfRevenue": 428000000,
      "grossProfit": 2996000000,
      "researchAndDevelopmentExpenses": 558000000,
      "generalAndAdministrativeExpenses": 243000000,
      "sellingAndMarketingExpenses": 941000000,
      "sellingGeneralAndAdministrativeExpenses": 1184000000,
      "otherExpenses": 39000000,
      "operatingExpenses": 1781000000,
      "costAndExpenses": 2209000000,
      "netInterestIncome": -21000000,
      "interestIncome": 6000000,
      "interestExpense": 27000000,
      "depreciationAndAmortization": 190000000,
      "ebitda": 1414000000,
      "ebit": 1224000000,
      "nonOperatingIncomeExcludingInterest": -9000000,
      "operatingIncome": 1215000000,
      "totalOtherIncomeExpensesNet": -18000000,
      "incomeBeforeTax": 1197000000,
      "incomeTaxExpense": -1053000000,
      "netIncomeFromContinuingOperations": 2250000000,
      "netIncomeFromDiscontinuedOperations": 0,
      "otherAdjustmentsToNetIncome": 0,
      "netIncome": 2250000000,
      "netIncomeDeductions": 0,
      "bottomLineNetIncome": 2250000000,
      "eps": 4.69,
      "epsDiluted": 4.64,
      "weightedAverageShsOut": 479000000,
      "weightedAverageShsOutDil": 484000000
    },
    {
      "date": "2020-08-28",
      "symbol": "ADBE",
      "reportedCurrency": "USD",
      "cik": "0000796343",
      "filingDate": "2020-09-23",
      "acceptedDate": "2020-09-23 16:03:46",
      "fiscalYear": "2020",
      "period": "Q3",
      "revenue": 3225000000,
      "costOfRevenue": 427000000,
      "grossProfit": 2798000000,
      "researchAndDevelopmentExpenses": 566000000,
      "generalAndAdministrativeExpenses": 230000000,
      "sellingAndMarketingExpenses": 892000000,
      "sellingGeneralAndAdministrativeExpenses": 1122000000,
      "otherExpenses": 41000000,
      "operatingExpenses": 1729000000,
      "costAndExpenses": 2156000000,
      "netInterestIncome": -28000000,
      "interestIncome": 0,
      "interestExpense": 28000000,
      "depreciationAndAmortization": 191000000,
      "ebitda": 1279000000,
      "ebit": 1088000000,
      "nonOperatingIncomeExcludingInterest": -19000000,
      "operatingIncome": 1069000000,
      "totalOtherIncomeExpensesNet": -9000000,
      "incomeBeforeTax": 1060000000,
      "incomeTaxExpense": 105000000,
      "netIncomeFromContinuingOperations": 955000000,
      "netIncomeFromDiscontinuedOperations": 0,
      "otherAdjustmentsToNetIncome": 0,
      "netIncome": 955000000,
      "netIncomeDeductions": 0,
      "bottomLineNetIncome": 955000000,
      "eps": 1.99,
      "epsDiluted": 1.97,
      "weightedAverageShsOut": 480000000,
      "weightedAverageShsOutDil": 485000000
    },
    {
      "date": "2020-05-29",
      "symbol": "ADBE",
      "reportedCurrency": "USD",
      "cik": "0000796343",
      "filingDate": "2020-06-24",
      "acceptedDate": "2020-06-24 16:05:10",
      "fiscalYear": "2020",
      "period": "Q2",
      "revenue": 3128000000,
      "costOfRevenue": 415000000,
      "grossProfit": 2713000000,
      "researchAndDevelopmentExpenses": 532000000,
      "generalAndAdministrativeExpenses": 224000000,
      "sellingAndMarketingExpenses": 901000000,
      "sellingGeneralAndAdministrativeExpenses": 1125000000,
      "otherExpenses": 40000000,
      "operatingExpenses": 1697000000,
      "costAndExpenses": 2112000000,
      "netInterestIncome": -28000000,
      "interestIncome": 0,
      "interestExpense": 28000000,
      "depreciationAndAmortization": 188000000,
      "ebitda": 1216000000,
      "ebit": 1028000000,
      "nonOperatingIncomeExcludingInterest": -12000000,
      "operatingIncome": 1016000000,
      "totalOtherIncomeExpensesNet": -16000000,
      "incomeBeforeTax": 1000000000,
      "incomeTaxExpense": -100000000,
      "netIncomeFromContinuingOperations": 1100000000,
      "netIncomeFromDiscontinuedOperations": 0,
      "otherAdjustmentsToNetIncome": 0,
      "netIncome": 1100000000,
      "netIncomeDeductions": 0,
      "bottomLineNetIncome": 1100000000,
      "eps": 2.28,
      "epsDiluted": 2.27,
      "weightedAverageShsOut": 481000000,
      "weightedAverageShsOutDil": 485000000
    },
    {
      "date": "2020-02-28",
      "symbol": "ADBE",
      "reportedCurrency": "USD",
      "cik": "0000796343",
      "filingDate": "2020-03-25",
      "acceptedDate": "2020-03-25 16:07:07",
      "fiscalYear": "2020",
      "period": "Q1",
      "revenue": 3091000000,
      "costOfRevenue": 452000000,
      "grossProfit": 2639000000,
      "researchAndDevelopmentExpenses": 532000000,
      "generalAndAdministrativeExpenses": 271000000,
      "sellingAndMarketingExpenses": 857000000,
      "sellingGeneralAndAdministrativeExpenses": 1128000000,
      "otherExpenses": 42000000,
      "operatingExpenses": 1702000000,
      "costAndExpenses": 2154000000,
      "netInterestIncome": -33000000,
      "interestIncome": 0,
      "interestExpense": 33000000,
      "depreciationAndAmortization": 188000000,
      "ebitda": 1140000000,
      "ebit": 952000000,
      "nonOperatingIncomeExcludingInterest": -15000000,
      "operatingIncome": 937000000,
      "totalOtherIncomeExpensesNet": -18000000,
      "incomeBeforeTax": 919000000,
      "incomeTaxExpense": -36000000,
      "netIncomeFromContinuingOperations": 955000000,
      "netIncomeFromDiscontinuedOperations": 0,
      "otherAdjustmentsToNetIncome": 0,
      "netIncome": 955000000,
      "netIncomeDeductions": 0,
      "bottomLineNetIncome": 955000000,
      "eps": 1.98,
      "epsDiluted": 1.96,
      "weightedAverageShsOut": 482000000,
      "weightedAverageShsOutDil": 488000000
    },
    {
      "date": "2019-11-29",
      "symbol": "ADBE",
      "reportedCurrency": "USD",
      "cik": "0000796343",
      "filingDate": "2020-01-21",
      "acceptedDate": "2020-01-21 06:06:41",
      "fiscalYear": "2019",
      "period": "Q4",
      "revenue": 2991944000,
      "costOfRevenue": 451983000,
      "grossProfit": 2539961000,
      "researchAndDevelopmentExpenses": 499806000,
      "generalAndAdministrativeExpenses": 225938000,
      "sellingAndMarketingExpenses": 801588000,
      "sellingGeneralAndAdministrativeExpenses": 1027526000,
      "otherExpenses": 42698000,
      "operatingExpenses": 1570030000,
      "costAndExpenses": 2022013000,
      "netInterestIncome": -18303000,
      "interestIncome": 18212000,
      "interestExpense": 36515000,
      "depreciationAndAmortization": 183692000,
      "ebitda": 1177050000,
      "ebit": 993358000,
      "nonOperatingIncomeExcludingInterest": -23426000,
      "operatingIncome": 969931000,
      "totalOtherIncomeExpensesNet": -12785000,
      "incomeBeforeTax": 957147000,
      "incomeTaxExpense": 105286000,
      "netIncomeFromContinuingOperations": 851861000,
      "netIncomeFromDiscontinuedOperations": 0,
      "otherAdjustmentsToNetIncome": 0,
      "netIncome": 851861000,
      "netIncomeDeductions": 0,
      "bottomLineNetIncome": 851861000,
      "eps": 1.76,
      "epsDiluted": 1.74,
      "weightedAverageShsOut": 483731000,
      "weightedAverageShsOutDil": 488851000
    },
    {
      "date": "2019-08-30",
      "symbol": "ADBE",
      "reportedCurrency": "USD",
      "cik": "0000796343",
      "filingDate": "2019-09-26",
      "acceptedDate": "2019-09-26 16:25:38",
      "fiscalYear": "2019",
      "period": "Q3",
      "revenue": 2834126000,
      "costOfRevenue": 415963000,
      "grossProfit": 2418163000,
      "researchAndDevelopmentExpenses": 489827000,
      "generalAndAdministrativeExpenses": 219256000,
      "sellingAndMarketingExpenses": 812314000,
      "sellingGeneralAndAdministrativeExpenses": 1031570000,
      "otherExpenses": 48000,
      "operatingExpenses": 1521397000,
      "costAndExpenses": 1980314000,
      "netInterestIncome": -22000000,
      "interestIncome": 18000000,
      "interestExpense": 40000000,
      "depreciationAndAmortization": 150549000,
      "ebitda": 1024566000,
      "ebit": 874017000,
      "nonOperatingIncomeExcludingInterest": -20205000,
      "operatingIncome": 853812000,
      "totalOtherIncomeExpensesNet": -19324000,
      "incomeBeforeTax": 834488000,
      "incomeTaxExpense": 41725000,
      "netIncomeFromContinuingOperations": 792763000,
      "netIncomeFromDiscontinuedOperations": 0,
      "otherAdjustmentsToNetIncome": 0,
      "netIncome": 792763000,
      "netIncomeDeductions": -237000,
      "bottomLineNetIncome": 793000000,
      "eps": 1.63,
      "epsDiluted": 1.61,
      "weightedAverageShsOut": 485848000,
      "weightedAverageShsOutDil": 491042000
    },
    {
      "date": "2019-05-31",
      "symbol": "ADBE",
      "reportedCurrency": "USD",
      "cik": "0000796343",
      "filingDate": "2019-06-26",
      "acceptedDate": "2019-06-26 16:07:21",
      "fiscalYear": "2019",
      "period": "Q2",
      "revenue": 2744280000,
      "costOfRevenue": 407488000,
      "grossProfit": 2336792000,
      "researchAndDevelopmentExpenses": 475958000,
      "generalAndAdministrativeExpenses": 219334000,
      "sellingAndMarketingExpenses": 848927000,
      "sellingGeneralAndAdministrativeExpenses": 1068261000,
      "otherExpenses": 39000,
      "operatingExpenses": 1544219000,
      "costAndExpenses": 1994733000,
      "netInterestIncome": -24000000,
      "interestIncome": 16000000,
      "interestExpense": 40000000,
      "depreciationAndAmortization": 187000000,
      "ebitda": 937000000,
      "ebit": 751349000,
      "nonOperatingIncomeExcludingInterest": -1802000,
      "operatingIncome": 749547000,
      "totalOtherIncomeExpensesNet": -38775000,
      "incomeBeforeTax": 710772000,
      "incomeTaxExpense": 78179000,
      "netIncomeFromContinuingOperations": 632593000,
      "netIncomeFromDiscontinuedOperations": 0,
      "otherAdjustmentsToNetIncome": 0,
      "netIncome": 632593000,
      "netIncomeDeductions": -407000,
      "bottomLineNetIncome": 633000000,
      "eps": 1.3,
      "epsDiluted": 1.29,
      "weightedAverageShsOut": 487535000,
      "weightedAverageShsOutDil": 492212000
    },
    {
      "date": "2019-03-01",
      "symbol": "ADBE",
      "reportedCurrency": "USD",
      "cik": "0000796343",
      "filingDate": "2019-03-27",
      "acceptedDate": "2019-03-27 16:07:38",
      "fiscalYear": "2019",
      "period": "Q1",
      "revenue": 2600946000,
      "costOfRevenue": 397286000,
      "grossProfit": 2203660000,
      "researchAndDevelopmentExpenses": 464637000,
      "generalAndAdministrativeExpenses": 216109000,
      "sellingAndMarketingExpenses": 781518000,
      "sellingGeneralAndAdministrativeExpenses": 997627000,
      "otherExpenses": 177000,
      "operatingExpenses": 1462264000,
      "costAndExpenses": 1906116000,
      "netInterestIncome": -25000000,
      "interestIncome": 16000000,
      "interestExpense": 41000000,
      "depreciationAndAmortization": 144898000,
      "ebitda": 887825000,
      "ebit": 742927000,
      "nonOperatingIncomeExcludingInterest": -48097000,
      "operatingIncome": 694830000,
      "totalOtherIncomeExpensesNet": 7504000,
      "incomeBeforeTax": 702334000,
      "incomeTaxExpense": 28093000,
      "netIncomeFromContinuingOperations": 674241000,
      "netIncomeFromDiscontinuedOperations": 0,
      "otherAdjustmentsToNetIncome": 0,
      "netIncome": 674241000,
      "netIncomeDeductions": 241000,
      "bottomLineNetIncome": 674000000,
      "eps": 1.38,
      "epsDiluted": 1.36,
      "weightedAverageShsOut": 488056000,
      "weightedAverageShsOutDil": 494188000
    },
    {
      "date": "2018-11-30",
      "symbol": "ADBE",
      "reportedCurrency": "USD",
      "cik": "0000796343",
      "filingDate": "2019-01-25",
      "acceptedDate": "2019-01-25 06:24:29",
      "fiscalYear": "2018",
      "period": "Q4",
      "revenue": 2464625000,
      "costOfRevenue": 359261000,
      "grossProfit": 2105364000,
      "researchAndDevelopmentExpenses": 415958000,
      "generalAndAdministrativeExpenses": 212355000,
      "sellingAndMarketingExpenses": 723573000,
      "sellingGeneralAndAdministrativeExpenses": 935928000,
      "otherExpenses": 32932000,
      "operatingExpenses": 1384818000,
      "costAndExpenses": 1744079000,
      "netInterestIncome": -5295000,
      "interestIncome": 22578000,
      "interestExpense": 27873000,
      "depreciationAndAmortization": 106720000,
      "ebitda": 827266000,
      "ebit": 720546000,
      "nonOperatingIncomeExcludingInterest": 0,
      "operatingIncome": 720546000,
      "totalOtherIncomeExpensesNet": -21329000,
      "incomeBeforeTax": 699217000,
      "incomeTaxExpense": 20977000,
      "netIncomeFromContinuingOperations": 678240000,
      "netIncomeFromDiscontinuedOperations": 0,
      "otherAdjustmentsToNetIncome": 0,
      "netIncome": 678240000,
      "netIncomeDeductions": 0,
      "bottomLineNetIncome": 678240000,
      "eps": 1.39,
      "epsDiluted": 1.37,
      "weightedAverageShsOut": 488246000,
      "weightedAverageShsOutDil": 495118000
    },
    {
      "date": "2018-08-31",
      "symbol": "ADBE",
      "reportedCurrency": "USD",
      "cik": "0000796343",
      "filingDate": "2018-09-26",
      "acceptedDate": "2018-09-26 16:10:19",
      "fiscalYear": "2018",
      "period": "Q3",
      "revenue": 2291076000,
      "costOfRevenue": 295492000,
      "grossProfit": 1995584000,
      "researchAndDevelopmentExpenses": 398957000,
      "generalAndAdministrativeExpenses": 184063000,
      "sellingAndMarketingExpenses": 670084000,
      "sellingGeneralAndAdministrativeExpenses": 854147000,
      "otherExpenses": 41000,
      "operatingExpenses": 1276978000,
      "costAndExpenses": 1572470000,
      "netInterestIncome": 454000,
      "interestIncome": 21561000,
      "interestExpense": 21107000,
      "depreciationAndAmortization": 86890000,
      "ebitda": 809355000,
      "ebit": 718606000,
      "nonOperatingIncomeExcludingInterest": 0,
      "operatingIncome": 718606000,
      "totalOtherIncomeExpensesNet": -17248000,
      "incomeBeforeTax": 701358000,
      "incomeTaxExpense": 35067000,
      "netIncomeFromContinuingOperations": 666291000,
      "netIncomeFromDiscontinuedOperations": 0,
      "otherAdjustmentsToNetIncome": 0,
      "netIncome": 666291000,
      "netIncomeDeductions": 0,
      "bottomLineNetIncome": 666291000,
      "eps": 1.36,
      "epsDiluted": 1.34,
      "weightedAverageShsOut": 490025000,
      "weightedAverageShsOutDil": 496866000
    },
    {
      "date": "2018-06-01",
      "symbol": "ADBE",
      "reportedCurrency": "USD",
      "cik": "0000796343",
      "filingDate": "2018-06-27",
      "acceptedDate": "2018-06-27 16:12:04",
      "fiscalYear": "2018",
      "period": "Q2",
      "revenue": 2195360000,
      "costOfRevenue": 281344000,
      "grossProfit": 1914016000,
      "researchAndDevelopmentExpenses": 374128000,
      "generalAndAdministrativeExpenses": 178040000,
      "sellingAndMarketingExpenses": 646215000,
      "sellingGeneralAndAdministrativeExpenses": 824255000,
      "otherExpenses": 125000,
      "operatingExpenses": 1215532000,
      "costAndExpenses": 1496876000,
      "netInterestIncome": 5408000,
      "interestIncome": 25771000,
      "interestExpense": 20363000,
      "depreciationAndAmortization": 76360000,
      "ebitda": 787522000,
      "ebit": 698484000,
      "nonOperatingIncomeExcludingInterest": 0,
      "operatingIncome": 698484000,
      "totalOtherIncomeExpensesNet": -7685000,
      "incomeBeforeTax": 690799000,
      "incomeTaxExpense": 27632000,
      "netIncomeFromContinuingOperations": 663167000,
      "netIncomeFromDiscontinuedOperations": 0,
      "otherAdjustmentsToNetIncome": 0,
      "netIncome": 663167000,
      "netIncomeDeductions": 0,
      "bottomLineNetIncome": 663167000,
      "eps": 1.35,
      "epsDiluted": 1.33,
      "weightedAverageShsOut": 491914000,
      "weightedAverageShsOutDil": 498252000
    },
    {
      "date": "2018-03-02",
      "symbol": "ADBE",
      "reportedCurrency": "USD",
      "cik": "0000796343",
      "filingDate": "2018-03-28",
      "acceptedDate": "2018-03-28 16:03:36",
      "fiscalYear": "2018",
      "period": "Q1",
      "revenue": 2078947000,
      "costOfRevenue": 258902000,
      "grossProfit": 1820045000,
      "researchAndDevelopmentExpenses": 348769000,
      "generalAndAdministrativeExpenses": 170440000,
      "sellingAndMarketingExpenses": 580957000,
      "sellingGeneralAndAdministrativeExpenses": 751397000,
      "otherExpenses": 52000,
      "operatingExpenses": 1117312000,
      "costAndExpenses": 1376214000,
      "netInterestIncome": 2731000,
      "interestIncome": 22630000,
      "interestExpense": 19899000,
      "depreciationAndAmortization": 76522000,
      "ebitda": 798923000,
      "ebit": 722401000,
      "nonOperatingIncomeExcludingInterest": 0,
      "operatingIncome": 702733000,
      "totalOtherIncomeExpensesNet": -231000,
      "incomeBeforeTax": 702502000,
      "incomeTaxExpense": 119426000,
      "netIncomeFromContinuingOperations": 583076000,
      "netIncomeFromDiscontinuedOperations": 0,
      "otherAdjustmentsToNetIncome": 0,
      "netIncome": 583076000,
      "netIncomeDeductions": 0,
      "bottomLineNetIncome": 583076000,
      "eps": 1.18,
      "epsDiluted": 1.17,
      "weightedAverageShsOut": 492061000,
      "weightedAverageShsOutDil": 499433000
    },
    {
      "date": "2017-12-01",
      "symbol": "ADBE",
      "reportedCurrency": "USD",
      "cik": "0000796343",
      "filingDate": "2018-01-22",
      "acceptedDate": "2018-01-22 16:07:26",
      "fiscalYear": "2017",
      "period": "Q4",
      "revenue": 2006595000,
      "costOfRevenue": 270872000,
      "grossProfit": 1735723000,
      "researchAndDevelopmentExpenses": 324026000,
      "generalAndAdministrativeExpenses": 169567000,
      "sellingAndMarketingExpenses": 574104000,
      "sellingGeneralAndAdministrativeExpenses": 743671000,
      "otherExpenses": 11000,
      "operatingExpenses": 1086383000,
      "costAndExpenses": 1357255000,
      "netInterestIncome": 400000,
      "interestIncome": 19516000,
      "interestExpense": 19116000,
      "depreciationAndAmortization": 81234000,
      "ebitda": 730574000,
      "ebit": 649340000,
      "nonOperatingIncomeExcludingInterest": 0,
      "operatingIncome": 649340000,
      "totalOtherIncomeExpensesNet": -6328000,
      "incomeBeforeTax": 643012000,
      "incomeTaxExpense": 141463000,
      "netIncomeFromContinuingOperations": 501549000,
      "netIncomeFromDiscontinuedOperations": 0,
      "otherAdjustmentsToNetIncome": 0,
      "netIncome": 501549000,
      "netIncomeDeductions": 0,
      "bottomLineNetIncome": 501549000,
      "eps": 1.02,
      "epsDiluted": 1,
      "weightedAverageShsOut": 492108000,
      "weightedAverageShsOutDil": 500060000
    },
    {
      "date": "2017-09-01",
      "symbol": "ADBE",
      "reportedCurrency": "USD",
      "cik": "0000796343",
      "filingDate": "2017-09-27",
      "acceptedDate": "2017-09-27 17:32:14",
      "fiscalYear": "2017",
      "period": "Q3",
      "revenue": 1841074000,
      "costOfRevenue": 262922000,
      "grossProfit": 1578152000,
      "researchAndDevelopmentExpenses": 315555000,
      "generalAndAdministrativeExpenses": 147402000,
      "sellingAndMarketingExpenses": 550093000,
      "sellingGeneralAndAdministrativeExpenses": 697495000,
      "otherExpenses": 11000,
      "operatingExpenses": 1032478000,
      "costAndExpenses": 1295400000,
      "netInterestIncome": -1629000,
      "interestIncome": 17180000,
      "interestExpense": 18809000,
      "depreciationAndAmortization": 82319000,
      "ebitda": 642507000,
      "ebit": 560188000,
      "nonOperatingIncomeExcludingInterest": 0,
      "operatingIncome": 545674000,
      "totalOtherIncomeExpensesNet": -4295000,
      "incomeBeforeTax": 541379000,
      "incomeTaxExpense": 121810000,
      "netIncomeFromContinuingOperations": 419569000,
      "netIncomeFromDiscontinuedOperations": 0,
      "otherAdjustmentsToNetIncome": 0,
      "netIncome": 419569000,
      "netIncomeDeductions": 0,
      "bottomLineNetIncome": 419569000,
      "eps": 0.85,
      "epsDiluted": 0.84,
      "weightedAverageShsOut": 493426000,
      "weightedAverageShsOutDil": 500398000
    },
    {
      "date": "2017-06-02",
      "symbol": "ADBE",
      "reportedCurrency": "USD",
      "cik": "0000796343",
      "filingDate": "2017-06-28",
      "acceptedDate": "2017-06-28 16:04:35",
      "fiscalYear": "2017",
      "period": "Q2",
      "revenue": 1772190000,
      "costOfRevenue": 239360000,
      "grossProfit": 1532830000,
      "researchAndDevelopmentExpenses": 299401000,
      "generalAndAdministrativeExpenses": 156929000,
      "sellingAndMarketingExpenses": 553098000,
      "sellingGeneralAndAdministrativeExpenses": 710027000,
      "otherExpenses": 41000,
      "operatingExpenses": 1028748000,
      "costAndExpenses": 1268108000,
      "netInterestIncome": -3131000,
      "interestIncome": 15216000,
      "interestExpense": 18347000,
      "depreciationAndAmortization": 81635000,
      "ebitda": 592600000,
      "ebit": 504082000,
      "nonOperatingIncomeExcludingInterest": 0,
      "operatingIncome": 504082000,
      "totalOtherIncomeExpensesNet": -11464000,
      "incomeBeforeTax": 492618000,
      "incomeTaxExpense": 118228000,
      "netIncomeFromContinuingOperations": 374390000,
      "netIncomeFromDiscontinuedOperations": 0,
      "otherAdjustmentsToNetIncome": 0,
      "netIncome": 374390000,
      "netIncomeDeductions": 0,
      "bottomLineNetIncome": 374390000,
      "eps": 0.76,
      "epsDiluted": 0.75,
      "weightedAverageShsOut": 494371000,
      "weightedAverageShsOutDil": 500351000
    },
    {
      "date": "2017-03-03",
      "symbol": "ADBE",
      "reportedCurrency": "USD",
      "cik": "0000796343",
      "filingDate": "2017-03-29",
      "acceptedDate": "2017-03-29 16:11:01",
      "fiscalYear": "2017",
      "period": "Q1",
      "revenue": 1681646000,
      "costOfRevenue": 237337000,
      "grossProfit": 1444309000,
      "researchAndDevelopmentExpenses": 285077000,
      "generalAndAdministrativeExpenses": 150808000,
      "sellingAndMarketingExpenses": 520297000,
      "sellingGeneralAndAdministrativeExpenses": 671105000,
      "otherExpenses": 20000,
      "operatingExpenses": 975310000,
      "costAndExpenses": 1212647000,
      "netInterestIncome": -3973000,
      "interestIncome": 14157000,
      "interestExpense": 18130000,
      "depreciationAndAmortization": 80809000,
      "ebitda": 559571000,
      "ebit": 468999000,
      "nonOperatingIncomeExcludingInterest": 0,
      "operatingIncome": 468999000,
      "totalOtherIncomeExpensesNet": -8367000,
      "incomeBeforeTax": 460632000,
      "incomeTaxExpense": 62186000,
      "netIncomeFromContinuingOperations": 398446000,
      "netIncomeFromDiscontinuedOperations": 0,
      "otherAdjustmentsToNetIncome": 0,
      "netIncome": 398446000,
      "netIncomeDeductions": 0,
      "bottomLineNetIncome": 398446000,
      "eps": 0.81,
      "epsDiluted": 0.8,
      "weightedAverageShsOut": 494612000,
      "weightedAverageShsOutDil": 500861000
    },
    {
      "date": "2016-12-02",
      "symbol": "ADBE",
      "reportedCurrency": "USD",
      "cik": "0000796343",
      "filingDate": "2017-01-20",
      "acceptedDate": "2017-01-20 16:14:43",
      "fiscalYear": "2016",
      "period": "Q4",
      "revenue": 1608419000,
      "costOfRevenue": 216556000,
      "grossProfit": 1391863000,
      "researchAndDevelopmentExpenses": 257849000,
      "generalAndAdministrativeExpenses": 148477000,
      "sellingAndMarketingExpenses": 495042000,
      "sellingGeneralAndAdministrativeExpenses": 643519000,
      "otherExpenses": 16992000,
      "operatingExpenses": 919868000,
      "costAndExpenses": 1136424000,
      "netInterestIncome": -4188000,
      "interestIncome": 13330000,
      "interestExpense": 17518000,
      "depreciationAndAmortization": 81860000,
      "ebitda": 556078000,
      "ebit": 472280000,
      "nonOperatingIncomeExcludingInterest": 0,
      "operatingIncome": 472280000,
      "totalOtherIncomeExpensesNet": -15580000,
      "incomeBeforeTax": 456700000,
      "incomeTaxExpense": 57087000,
      "netIncomeFromContinuingOperations": 399613000,
      "netIncomeFromDiscontinuedOperations": 0,
      "otherAdjustmentsToNetIncome": 0,
      "netIncome": 399613000,
      "netIncomeDeductions": 0,
      "bottomLineNetIncome": 399613000,
      "eps": 0.81,
      "epsDiluted": 0.8,
      "weightedAverageShsOut": 495641000,
      "weightedAverageShsOutDil": 501176000
    },
    {
      "date": "2016-09-02",
      "symbol": "ADBE",
      "reportedCurrency": "USD",
      "cik": "0000796343",
      "filingDate": "2016-09-27",
      "acceptedDate": "2016-09-27 16:07:17",
      "fiscalYear": "2016",
      "period": "Q3",
      "revenue": 1463967000,
      "costOfRevenue": 202701000,
      "grossProfit": 1261266000,
      "researchAndDevelopmentExpenses": 248450000,
      "generalAndAdministrativeExpenses": 143702000,
      "sellingAndMarketingExpenses": 477475000,
      "sellingGeneralAndAdministrativeExpenses": 621177000,
      "otherExpenses": 8000,
      "operatingExpenses": 869627000,
      "costAndExpenses": 1094980000,
      "netInterestIncome": -5432000,
      "interestIncome": 11849000,
      "interestExpense": 17281000,
      "depreciationAndAmortization": 84014000,
      "ebitda": 457596000,
      "ebit": 369325000,
      "nonOperatingIncomeExcludingInterest": 0,
      "operatingIncome": 369325000,
      "totalOtherIncomeExpensesNet": -13024000,
      "incomeBeforeTax": 356301000,
      "incomeTaxExpense": 85513000,
      "netIncomeFromContinuingOperations": 270788000,
      "netIncomeFromDiscontinuedOperations": 0,
      "otherAdjustmentsToNetIncome": 0,
      "netIncome": 270788000,
      "netIncomeDeductions": 0,
      "bottomLineNetIncome": 270788000,
      "eps": 0.54,
      "epsDiluted": 0.54,
      "weightedAverageShsOut": 498584000,
      "weightedAverageShsOutDil": 503669000
    },
    {
      "date": "2016-06-03",
      "symbol": "ADBE",
      "reportedCurrency": "USD",
      "cik": "0000796343",
      "filingDate": "2016-06-29",
      "acceptedDate": "2016-06-29 16:04:56",
      "fiscalYear": "2016",
      "period": "Q2",
      "revenue": 1398709000,
      "costOfRevenue": 202079000,
      "grossProfit": 1196630000,
      "researchAndDevelopmentExpenses": 232484000,
      "generalAndAdministrativeExpenses": 138596000,
      "sellingAndMarketingExpenses": 462789000,
      "sellingGeneralAndAdministrativeExpenses": 601385000,
      "otherExpenses": 18988000,
      "operatingExpenses": 852857000,
      "costAndExpenses": 1054936000,
      "netInterestIncome": -5692000,
      "interestIncome": 11482000,
      "interestExpense": 17174000,
      "depreciationAndAmortization": 84461000,
      "ebitda": 428700000,
      "ebit": 347004000,
      "nonOperatingIncomeExcludingInterest": -2765000,
      "operatingIncome": 344239000,
      "totalOtherIncomeExpensesNet": -14409000,
      "incomeBeforeTax": 329830000,
      "incomeTaxExpense": 85756000,
      "netIncomeFromContinuingOperations": 244074000,
      "netIncomeFromDiscontinuedOperations": 0,
      "otherAdjustmentsToNetIncome": 0,
      "netIncome": 244074000,
      "netIncomeDeductions": 0,
      "bottomLineNetIncome": 244074000,
      "eps": 0.49,
      "epsDiluted": 0.48,
      "weightedAverageShsOut": 499974000,
      "weightedAverageShsOutDil": 504725000
    },
    {
      "date": "2016-03-04",
      "symbol": "ADBE",
      "reportedCurrency": "USD",
      "cik": "0000796343",
      "filingDate": "2016-03-30",
      "acceptedDate": "2016-03-30 08:25:52",
      "fiscalYear": "2016",
      "period": "Q1",
      "revenue": 1383335000,
      "costOfRevenue": 198572000,
      "grossProfit": 1184763000,
      "researchAndDevelopmentExpenses": 237204000,
      "generalAndAdministrativeExpenses": 146935000,
      "sellingAndMarketingExpenses": 474891000,
      "sellingGeneralAndAdministrativeExpenses": 621826000,
      "otherExpenses": 18394000,
      "operatingExpenses": 877424000,
      "costAndExpenses": 1075996000,
      "netInterestIncome": -7792000,
      "interestIncome": 0,
      "interestExpense": 4187000,
      "depreciationAndAmortization": 81200000,
      "ebitda": 388958000,
      "ebit": 310776000,
      "nonOperatingIncomeExcludingInterest": -3018000,
      "operatingIncome": 307758000,
      "totalOtherIncomeExpensesNet": -15451000,
      "incomeBeforeTax": 292307000,
      "incomeTaxExpense": 38000000,
      "netIncomeFromContinuingOperations": 254307000,
      "netIncomeFromDiscontinuedOperations": 0,
      "otherAdjustmentsToNetIncome": 0,
      "netIncome": 254307000,
      "netIncomeDeductions": 0,
      "bottomLineNetIncome": 254307000,
      "eps": 0.51,
      "epsDiluted": 0.5,
      "weightedAverageShsOut": 499125000,
      "weightedAverageShsOutDil": 505676000
    },
    {
      "date": "2015-11-27",
      "symbol": "ADBE",
      "reportedCurrency": "USD",
      "cik": "0000796343",
      "filingDate": "2016-01-19",
      "acceptedDate": "2016-01-19 08:05:29",
      "fiscalYear": "2015",
      "period": "Q4",
      "revenue": 1306404000,
      "costOfRevenue": 201361000,
      "grossProfit": 1105043000,
      "researchAndDevelopmentExpenses": 220514000,
      "generalAndAdministrativeExpenses": 134052000,
      "sellingAndMarketingExpenses": 441472000,
      "sellingGeneralAndAdministrativeExpenses": 575524000,
      "otherExpenses": 19609000,
      "operatingExpenses": 814088000,
      "costAndExpenses": 1015449000,
      "netInterestIncome": -8283000,
      "interestIncome": 8232000,
      "interestExpense": 16515000,
      "depreciationAndAmortization": 86359000,
      "ebitda": 399814000,
      "ebit": 313455000,
      "nonOperatingIncomeExcludingInterest": -23021000,
      "operatingIncome": 290434000,
      "totalOtherIncomeExpensesNet": 6506000,
      "incomeBeforeTax": 296940000,
      "incomeTaxExpense": 74235000,
      "netIncomeFromContinuingOperations": 222705000,
      "netIncomeFromDiscontinuedOperations": 0,
      "otherAdjustmentsToNetIncome": 0,
      "netIncome": 222705000,
      "netIncomeDeductions": 0,
      "bottomLineNetIncome": 222705000,
      "eps": 0.45,
      "epsDiluted": 0.44,
      "weightedAverageShsOut": 498384000,
      "weightedAverageShsOutDil": 506012000
    },
    {
      "date": "2015-08-28",
      "symbol": "ADBE",
      "reportedCurrency": "USD",
      "cik": "0000796343",
      "filingDate": "2015-09-23",
      "acceptedDate": "2015-09-23 16:10:37",
      "fiscalYear": "2015",
      "period": "Q3",
      "revenue": 1217768000,
      "costOfRevenue": 190985000,
      "grossProfit": 1026783000,
      "researchAndDevelopmentExpenses": 218660000,
      "generalAndAdministrativeExpenses": 122578000,
      "sellingAndMarketingExpenses": 422031000,
      "sellingGeneralAndAdministrativeExpenses": 544609000,
      "otherExpenses": 17495000,
      "operatingExpenses": 781515000,
      "costAndExpenses": 972500000,
      "netInterestIncome": -9125000,
      "interestIncome": 7394000,
      "interestExpense": 16519000,
      "depreciationAndAmortization": 87550000,
      "ebitda": 332818000,
      "ebit": 249138000,
      "nonOperatingIncomeExcludingInterest": -3119000,
      "operatingIncome": 246019000,
      "totalOtherIncomeExpensesNet": -13400000,
      "incomeBeforeTax": 232619000,
      "incomeTaxExpense": 58154000,
      "netIncomeFromContinuingOperations": 174465000,
      "netIncomeFromDiscontinuedOperations": 0,
      "otherAdjustmentsToNetIncome": 0,
      "netIncome": 174465000,
      "netIncomeDeductions": 0,
      "bottomLineNetIncome": 174465000,
      "eps": 0.35,
      "epsDiluted": 0.34,
      "weightedAverageShsOut": 498630000,
      "weightedAverageShsOutDil": 505809000
    }
  ]
}