{
  "ticker": "AMZN",
  "endpoint": "income-statement",
  "fetched_at": "2025-09-05T14:21:11.492123",
  "data": [
    {
      "date": "2025-06-30",
      "symbol": "AMZN",
      "reportedCurrency": "USD",
      "cik": "0001018724",
      "filingDate": "2025-08-01",
      "acceptedDate": "2025-07-31 18:13:08",
      "fiscalYear": "2025",
      "period": "Q2",
      "revenue": 167702000000,
      "costOfRevenue": 106785000000,
      "grossProfit": 60917000000,
      "researchAndDevelopmentExpenses": 27166000000,
      "generalAndAdministrativeExpenses": 2965000000,
      "sellingAndMarketingExpenses": 11416000000,
      "sellingGeneralAndAdministrativeExpenses": 14381000000,
      "otherExpenses": 199000000,
      "operatingExpenses": 41746000000,
      "costAndExpenses": 148531000000,
      "netInterestIncome": 569000000,
      "interestIncome": 1085000000,
      "interestExpense": 516000000,
      "depreciationAndAmortization": 0,
      "ebitda": 21373000000,
      "ebit": 21373000000,
      "nonOperatingIncomeExcludingInterest": -2202000000,
      "operatingIncome": 19171000000,
      "totalOtherIncomeExpensesNet": 1686000000,
      "incomeBeforeTax": 20857000000,
      "incomeTaxExpense": 2678000000,
      "netIncomeFromContinuingOperations": 18179000000,
      "netIncomeFromDiscontinuedOperations": 0,
      "otherAdjustmentsToNetIncome": 0,
      "netIncome": 18164000000,
      "netIncomeDeductions": 0,
      "bottomLineNetIncome": 18164000000,
      "eps": 1.71,
      "epsDiluted": 1.68,
      "weightedAverageShsOut": 10637000000,
      "weightedAverageShsOutDil": 10806000000
    },
    {
      "date": "2025-03-31",
      "symbol": "AMZN",
      "reportedCurrency": "USD",
      "cik": "0001018724",
      "filingDate": "2025-05-02",
      "acceptedDate": "2025-05-01 18:14:53",
      "fiscalYear": "2025",
      "period": "Q1",
      "revenue": 155667000000,
      "costOfRevenue": 76976000000,
      "grossProfit": 78691000000,
      "researchAndDevelopmentExpenses": 22994000000,
      "generalAndAdministrativeExpenses": 2628000000,
      "sellingAndMarketingExpenses": 9763000000,
      "sellingGeneralAndAdministrativeExpenses": 12391000000,
      "otherExpenses": 24901000000,
      "operatingExpenses": 60286000000,
      "costAndExpenses": 137262000000,
      "netInterestIncome": 525000000,
      "interestIncome": 1066000000,
      "interestExpense": 541000000,
      "depreciationAndAmortization": 14262000000,
      "ebitda": 36482000000,
      "ebit": 22220000000,
      "nonOperatingIncomeExcludingInterest": -3815000000,
      "operatingIncome": 18405000000,
      "totalOtherIncomeExpensesNet": 3274000000,
      "incomeBeforeTax": 21679000000,
      "incomeTaxExpense": 4553000000,
      "netIncomeFromContinuingOperations": 17127000000,
      "netIncomeFromDiscontinuedOperations": 0,
      "otherAdjustmentsToNetIncome": 0,
      "netIncome": 17127000000,
      "netIncomeDeductions": 0,
      "bottomLineNetIncome": 17127000000,
      "eps": 1.62,
      "epsDiluted": 1.59,
      "weightedAverageShsOut": 10603000000,
      "weightedAverageShsOutDil": 10793000000
    },
    {
      "date": "2024-12-31",
      "symbol": "AMZN",
      "reportedCurrency": "USD",
      "cik": "0001018724",
      "filingDate": "2025-02-07",
      "acceptedDate": "2025-02-06 18:40:29",
      "fiscalYear": "2024",
      "period": "Q4",
      "revenue": 187792000000,
      "costOfRevenue": 98893000000,
      "grossProfit": 88899000000,
      "researchAndDevelopmentExpenses": 23571000000,
      "generalAndAdministrativeExpenses": 2863000000,
      "sellingAndMarketingExpenses": 13124000000,
      "sellingGeneralAndAdministrativeExpenses": 15987000000,
      "otherExpenses": 28138000000,
      "operatingExpenses": 67696000000,
      "costAndExpenses": 166589000000,
      "netInterestIncome": 678000000,
      "interestIncome": 1248000000,
      "interestExpense": 570000000,
      "depreciationAndAmortization": 15631000000,
      "ebitda": 38550000000,
      "ebit": 22919000000,
      "nonOperatingIncomeExcludingInterest": -1716000000,
      "operatingIncome": 21203000000,
      "totalOtherIncomeExpensesNet": 1126000000,
      "incomeBeforeTax": 22329000000,
      "incomeTaxExpense": 2325000000,
      "netIncomeFromContinuingOperations": 20004000000,
      "netIncomeFromDiscontinuedOperations": 0,
      "otherAdjustmentsToNetIncome": 0,
      "netIncome": 20004000000,
      "netIncomeDeductions": 0,
      "bottomLineNetIncome": 20004000000,
      "eps": 1.9,
      "epsDiluted": 1.86,
      "weightedAverageShsOut": 10473000000,
      "weightedAverageShsOutDil": 10721000000
    },
    {
      "date": "2024-09-30",
      "symbol": "AMZN",
      "reportedCurrency": "USD",
      "cik": "0001018724",
      "filingDate": "2024-11-01",
      "acceptedDate": "2024-10-31 18:44:54",
      "fiscalYear": "2024",
      "period": "Q3",
      "revenue": 158877000000,
      "costOfRevenue": 80977000000,
      "grossProfit": 77900000000,
      "researchAndDevelopmentExpenses": 22245000000,
      "generalAndAdministrativeExpenses": 2713000000,
      "sellingAndMarketingExpenses": 10609000000,
      "sellingGeneralAndAdministrativeExpenses": 13322000000,
      "otherExpenses": 24922000000,
      "operatingExpenses": 60489000000,
      "costAndExpenses": 141466000000,
      "netInterestIncome": 653000000,
      "interestIncome": 1256000000,
      "interestExpense": 603000000,
      "depreciationAndAmortization": 13442000000,
      "ebitda": 32082000000,
      "ebit": 18640000000,
      "nonOperatingIncomeExcludingInterest": -1229000000,
      "operatingIncome": 17411000000,
      "totalOtherIncomeExpensesNet": 626000000,
      "incomeBeforeTax": 18037000000,
      "incomeTaxExpense": 2706000000,
      "netIncomeFromContinuingOperations": 15328000000,
      "netIncomeFromDiscontinuedOperations": 0,
      "otherAdjustmentsToNetIncome": 0,
      "netIncome": 15328000000,
      "netIncomeDeductions": 0,
      "bottomLineNetIncome": 15328000000,
      "eps": 1.46,
      "epsDiluted": 1.43,
      "weightedAverageShsOut": 10501000000,
      "weightedAverageShsOutDil": 10735000000
    },
    {
      "date": "2024-06-30",
      "symbol": "AMZN",
      "reportedCurrency": "USD",
      "cik": "0001018724",
      "filingDate": "2024-08-02",
      "acceptedDate": "2024-08-01 18:39:50",
      "fiscalYear": "2024",
      "period": "Q2",
      "revenue": 147977000000,
      "costOfRevenue": 73785000000,
      "grossProfit": 74192000000,
      "researchAndDevelopmentExpenses": 22304000000,
      "generalAndAdministrativeExpenses": 3041000000,
      "sellingAndMarketingExpenses": 10512000000,
      "sellingGeneralAndAdministrativeExpenses": 13553000000,
      "otherExpenses": 23663000000,
      "operatingExpenses": 59520000000,
      "costAndExpenses": 133305000000,
      "netInterestIncome": 591000000,
      "interestIncome": 1180000000,
      "interestExpense": 589000000,
      "depreciationAndAmortization": 12038000000,
      "ebitda": 27872000000,
      "ebit": 15834000000,
      "nonOperatingIncomeExcludingInterest": -1162000000,
      "operatingIncome": 14672000000,
      "totalOtherIncomeExpensesNet": 573000000,
      "incomeBeforeTax": 15245000000,
      "incomeTaxExpense": 1767000000,
      "netIncomeFromContinuingOperations": 13485000000,
      "netIncomeFromDiscontinuedOperations": 0,
      "otherAdjustmentsToNetIncome": 0,
      "netIncome": 13485000000,
      "netIncomeDeductions": 0,
      "bottomLineNetIncome": 13485000000,
      "eps": 1.29,
      "epsDiluted": 1.26,
      "weightedAverageShsOut": 10447000000,
      "weightedAverageShsOutDil": 10708000000
    },
    {
      "date": "2024-03-31",
      "symbol": "AMZN",
      "reportedCurrency": "USD",
      "cik": "0001018724",
      "filingDate": "2024-05-01",
      "acceptedDate": "2024-04-30 18:38:29",
      "fiscalYear": "2024",
      "period": "Q1",
      "revenue": 143313000000,
      "costOfRevenue": 72633000000,
      "grossProfit": 70680000000,
      "researchAndDevelopmentExpenses": 20424000000,
      "generalAndAdministrativeExpenses": 2742000000,
      "sellingAndMarketingExpenses": 9662000000,
      "sellingGeneralAndAdministrativeExpenses": 12404000000,
      "otherExpenses": 22545000000,
      "operatingExpenses": 55373000000,
      "costAndExpenses": 128006000000,
      "netInterestIncome": 349000000,
      "interestIncome": 993000000,
      "interestExpense": 644000000,
      "depreciationAndAmortization": 11684000000,
      "ebitda": 25311000000,
      "ebit": 13627000000,
      "nonOperatingIncomeExcludingInterest": 1680000000,
      "operatingIncome": 15307000000,
      "totalOtherIncomeExpensesNet": -2409000000,
      "incomeBeforeTax": 12898000000,
      "incomeTaxExpense": 2467000000,
      "netIncomeFromContinuingOperations": 10431000000,
      "netIncomeFromDiscontinuedOperations": 0,
      "otherAdjustmentsToNetIncome": 0,
      "netIncome": 10431000000,
      "netIncomeDeductions": 0,
      "bottomLineNetIncome": 10431000000,
      "eps": 1,
      "epsDiluted": 0.98,
      "weightedAverageShsOut": 10393000000,
      "weightedAverageShsOutDil": 10670000000
    },
    {
      "date": "2023-12-31",
      "symbol": "AMZN",
      "reportedCurrency": "USD",
      "cik": "0001018724",
      "filingDate": "2024-02-02",
      "acceptedDate": "2024-02-01 18:48:30",
      "fiscalYear": "2023",
      "period": "Q4",
      "revenue": 169961000000,
      "costOfRevenue": 92553000000,
      "grossProfit": 77408000000,
      "researchAndDevelopmentExpenses": 22038000000,
      "generalAndAdministrativeExpenses": 3010000000,
      "sellingAndMarketingExpenses": 12902000000,
      "sellingGeneralAndAdministrativeExpenses": 15912000000,
      "otherExpenses": 26249000000,
      "operatingExpenses": 64199000000,
      "costAndExpenses": 156752000000,
      "netInterestIncome": 188000000,
      "interestIncome": 901000000,
      "interestExpense": 713000000,
      "depreciationAndAmortization": 13820000000,
      "ebitda": 28219000000,
      "ebit": 14399000000,
      "nonOperatingIncomeExcludingInterest": -1190000000,
      "operatingIncome": 13209000000,
      "totalOtherIncomeExpensesNet": 477000000,
      "incomeBeforeTax": 13686000000,
      "incomeTaxExpense": 3062000000,
      "netIncomeFromContinuingOperations": 10624000000,
      "netIncomeFromDiscontinuedOperations": 0,
      "otherAdjustmentsToNetIncome": 0,
      "netIncome": 10624000000,
      "netIncomeDeductions": 0,
      "bottomLineNetIncome": 10624000000,
      "eps": 1.03,
      "epsDiluted": 1,
      "weightedAverageShsOut": 10356000000,
      "weightedAverageShsOutDil": 10610000000
    },
    {
      "date": "2023-09-30",
      "symbol": "AMZN",
      "reportedCurrency": "USD",
      "cik": "0001018724",
      "filingDate": "2023-10-27",
      "acceptedDate": "2023-10-26 18:36:51",
      "fiscalYear": "2023",
      "period": "Q3",
      "revenue": 143083000000,
      "costOfRevenue": 75022000000,
      "grossProfit": 68061000000,
      "researchAndDevelopmentExpenses": 21203000000,
      "generalAndAdministrativeExpenses": 2561000000,
      "sellingAndMarketingExpenses": 10551000000,
      "sellingGeneralAndAdministrativeExpenses": 13112000000,
      "otherExpenses": 22558000000,
      "operatingExpenses": 56873000000,
      "costAndExpenses": 131895000000,
      "netInterestIncome": -30000000,
      "interestIncome": 776000000,
      "interestExpense": 806000000,
      "depreciationAndAmortization": 12131000000,
      "ebitda": 25126000000,
      "ebit": 12995000000,
      "nonOperatingIncomeExcludingInterest": -1807000000,
      "operatingIncome": 11188000000,
      "totalOtherIncomeExpensesNet": 1001000000,
      "incomeBeforeTax": 12189000000,
      "incomeTaxExpense": 2306000000,
      "netIncomeFromContinuingOperations": 9879000000,
      "netIncomeFromDiscontinuedOperations": 0,
      "otherAdjustmentsToNetIncome": 0,
      "netIncome": 9879000000,
      "netIncomeDeductions": 0,
      "bottomLineNetIncome": 9879000000,
      "eps": 0.96,
      "epsDiluted": 0.94,
      "weightedAverageShsOut": 10322000000,
      "weightedAverageShsOutDil": 10558000000
    },
    {
      "date": "2023-06-30",
      "symbol": "AMZN",
      "reportedCurrency": "USD",
      "cik": "0001018724",
      "filingDate": "2023-08-04",
      "acceptedDate": "2023-08-03 18:24:35",
      "fiscalYear": "2023",
      "period": "Q2",
      "revenue": 134383000000,
      "costOfRevenue": 69373000000,
      "grossProfit": 65010000000,
      "researchAndDevelopmentExpenses": 21931000000,
      "generalAndAdministrativeExpenses": 3202000000,
      "sellingAndMarketingExpenses": 10745000000,
      "sellingGeneralAndAdministrativeExpenses": 13947000000,
      "otherExpenses": 21451000000,
      "operatingExpenses": 57329000000,
      "costAndExpenses": 126702000000,
      "netInterestIncome": -179000000,
      "interestIncome": 661000000,
      "interestExpense": 840000000,
      "depreciationAndAmortization": 11589000000,
      "ebitda": 19992000000,
      "ebit": 8403000000,
      "nonOperatingIncomeExcludingInterest": -722000000,
      "operatingIncome": 7681000000,
      "totalOtherIncomeExpensesNet": -118000000,
      "incomeBeforeTax": 7563000000,
      "incomeTaxExpense": 804000000,
      "netIncomeFromContinuingOperations": 6759000000,
      "netIncomeFromDiscontinuedOperations": 0,
      "otherAdjustmentsToNetIncome": 0,
      "netIncome": 6750000000,
      "netIncomeDeductions": 0,
      "bottomLineNetIncome": 6750000000,
      "eps": 0.66,
      "epsDiluted": 0.65,
      "weightedAverageShsOut": 10285000000,
      "weightedAverageShsOutDil": 10449000000
    },
    {
      "date": "2023-03-31",
      "symbol": "AMZN",
      "reportedCurrency": "USD",
      "cik": "0001018724",
      "filingDate": "2023-04-28",
      "acceptedDate": "2023-04-27 18:24:51",
      "fiscalYear": "2023",
      "period": "Q1",
      "revenue": 127358000000,
      "costOfRevenue": 67791000000,
      "grossProfit": 59567000000,
      "researchAndDevelopmentExpenses": 20450000000,
      "generalAndAdministrativeExpenses": 3043000000,
      "sellingAndMarketingExpenses": 10172000000,
      "sellingGeneralAndAdministrativeExpenses": 13215000000,
      "otherExpenses": 21128000000,
      "operatingExpenses": 54793000000,
      "costAndExpenses": 122584000000,
      "netInterestIncome": -212000000,
      "interestIncome": 611000000,
      "interestExpense": 823000000,
      "depreciationAndAmortization": 11123000000,
      "ebitda": 16065000000,
      "ebit": 4942000000,
      "nonOperatingIncomeExcludingInterest": -168000000,
      "operatingIncome": 4774000000,
      "totalOtherIncomeExpensesNet": -655000000,
      "incomeBeforeTax": 4119000000,
      "incomeTaxExpense": 948000000,
      "netIncomeFromContinuingOperations": 3172000000,
      "netIncomeFromDiscontinuedOperations": 0,
      "otherAdjustmentsToNetIncome": 0,
      "netIncome": 3172000000,
      "netIncomeDeductions": 0,
      "bottomLineNetIncome": 3172000000,
      "eps": 0.31,
      "epsDiluted": 0.31,
      "weightedAverageShsOut": 10250000000,
      "weightedAverageShsOutDil": 10347000000
    },
    {
      "date": "2022-12-31",
      "symbol": "AMZN",
      "reportedCurrency": "USD",
      "cik": "0001018724",
      "filingDate": "2023-02-03",
      "acceptedDate": "2023-02-02 18:27:34",
      "fiscalYear": "2022",
      "period": "Q4",
      "revenue": 149204000000,
      "costOfRevenue": 85640000000,
      "grossProfit": 63564000000,
      "researchAndDevelopmentExpenses": 20814000000,
      "generalAndAdministrativeExpenses": 3333000000,
      "sellingAndMarketingExpenses": 12818000000,
      "sellingGeneralAndAdministrativeExpenses": 16151000000,
      "otherExpenses": 23862000000,
      "operatingExpenses": 60827000000,
      "costAndExpenses": 146467000000,
      "netInterestIncome": -249000000,
      "interestIncome": 445000000,
      "interestExpense": 694000000,
      "depreciationAndAmortization": 13145000000,
      "ebitda": 12877000000,
      "ebit": -268000000,
      "nonOperatingIncomeExcludingInterest": 3005000000,
      "operatingIncome": 2737000000,
      "totalOtherIncomeExpensesNet": -3686000000,
      "incomeBeforeTax": -949000000,
      "incomeTaxExpense": -1227000000,
      "netIncomeFromContinuingOperations": 278000000,
      "netIncomeFromDiscontinuedOperations": 0,
      "otherAdjustmentsToNetIncome": 0,
      "netIncome": 278000000,
      "netIncomeDeductions": 0,
      "bottomLineNetIncome": 278000000,
      "eps": 0.0272,
      "epsDiluted": 0.027,
      "weightedAverageShsOut": 10220000000,
      "weightedAverageShsOutDil": 10308000000
    },
    {
      "date": "2022-09-30",
      "symbol": "AMZN",
      "reportedCurrency": "USD",
      "cik": "0001018724",
      "filingDate": "2022-10-28",
      "acceptedDate": "2022-10-27 18:23:57",
      "fiscalYear": "2022",
      "period": "Q3",
      "revenue": 127101000000,
      "costOfRevenue": 70268000000,
      "grossProfit": 56833000000,
      "researchAndDevelopmentExpenses": 19485000000,
      "generalAndAdministrativeExpenses": 3061000000,
      "sellingAndMarketingExpenses": 11014000000,
      "sellingGeneralAndAdministrativeExpenses": 14075000000,
      "otherExpenses": 20748000000,
      "operatingExpenses": 54308000000,
      "costAndExpenses": 124576000000,
      "netInterestIncome": -340000000,
      "interestIncome": 277000000,
      "interestExpense": 617000000,
      "depreciationAndAmortization": 10327000000,
      "ebitda": 13888000000,
      "ebit": 3561000000,
      "nonOperatingIncomeExcludingInterest": -1036000000,
      "operatingIncome": 2525000000,
      "totalOtherIncomeExpensesNet": 416000000,
      "incomeBeforeTax": 2941000000,
      "incomeTaxExpense": 69000000,
      "netIncomeFromContinuingOperations": 2872000000,
      "netIncomeFromDiscontinuedOperations": 0,
      "otherAdjustmentsToNetIncome": 0,
      "netIncome": 2872000000,
      "netIncomeDeductions": 0,
      "bottomLineNetIncome": 2872000000,
      "eps": 0.28,
      "epsDiluted": 0.28,
      "weightedAverageShsOut": 10191000000,
      "weightedAverageShsOutDil": 10331000000
    },
    {
      "date": "2022-06-30",
      "symbol": "AMZN",
      "reportedCurrency": "USD",
      "cik": "0001018724",
      "filingDate": "2022-07-29",
      "acceptedDate": "2022-07-28 18:24:06",
      "fiscalYear": "2022",
      "period": "Q2",
      "revenue": 121234000000,
      "costOfRevenue": 66424000000,
      "grossProfit": 54810000000,
      "researchAndDevelopmentExpenses": 18072000000,
      "generalAndAdministrativeExpenses": 2903000000,
      "sellingAndMarketingExpenses": 10086000000,
      "sellingGeneralAndAdministrativeExpenses": 12989000000,
      "otherExpenses": 20432000000,
      "operatingExpenses": 51493000000,
      "costAndExpenses": 117917000000,
      "netInterestIncome": -425000000,
      "interestIncome": 159000000,
      "interestExpense": 584000000,
      "depreciationAndAmortization": 9716000000,
      "ebitda": 7647000000,
      "ebit": -2069000000,
      "nonOperatingIncomeExcludingInterest": 5386000000,
      "operatingIncome": 3317000000,
      "totalOtherIncomeExpensesNet": -5970000000,
      "incomeBeforeTax": -2665000000,
      "incomeTaxExpense": -637000000,
      "netIncomeFromContinuingOperations": -2028000000,
      "netIncomeFromDiscontinuedOperations": 0,
      "otherAdjustmentsToNetIncome": 0,
      "netIncome": -2028000000,
      "netIncomeDeductions": 0,
      "bottomLineNetIncome": -2028000000,
      "eps": -0.2,
      "epsDiluted": -0.2,
      "weightedAverageShsOut": 10175000000,
      "weightedAverageShsOutDil": 10175000000
    },
    {
      "date": "2022-03-31",
      "symbol": "AMZN",
      "reportedCurrency": "USD",
      "cik": "0001018724",
      "filingDate": "2022-04-29",
      "acceptedDate": "2022-04-28 18:29:24",
      "fiscalYear": "2022",
      "period": "Q1",
      "revenue": 116444000000,
      "costOfRevenue": 66499000000,
      "grossProfit": 49945000000,
      "researchAndDevelopmentExpenses": 14842000000,
      "generalAndAdministrativeExpenses": 2594000000,
      "sellingAndMarketingExpenses": 8320000000,
      "sellingGeneralAndAdministrativeExpenses": 10914000000,
      "otherExpenses": 20520000000,
      "operatingExpenses": 46276000000,
      "costAndExpenses": 112775000000,
      "netInterestIncome": -364000000,
      "interestIncome": 108000000,
      "interestExpense": 472000000,
      "depreciationAndAmortization": 9193000000,
      "ebitda": 4400000000,
      "ebit": -4793000000,
      "nonOperatingIncomeExcludingInterest": 8462000000,
      "operatingIncome": 3669000000,
      "totalOtherIncomeExpensesNet": -8934000000,
      "incomeBeforeTax": -5265000000,
      "incomeTaxExpense": -1422000000,
      "netIncomeFromContinuingOperations": -3844000000,
      "netIncomeFromDiscontinuedOperations": 0,
      "otherAdjustmentsToNetIncome": 0,
      "netIncome": -3844000000,
      "netIncomeDeductions": 0,
      "bottomLineNetIncome": -3844000000,
      "eps": -0.38,
      "epsDiluted": -0.38,
      "weightedAverageShsOut": 10180000000,
      "weightedAverageShsOutDil": 10180000000
    },
    {
      "date": "2021-12-31",
      "symbol": "AMZN",
      "reportedCurrency": "USD",
      "cik": "0001018724",
      "filingDate": "2022-02-04",
      "acceptedDate": "2022-02-03 18:46:51",
      "fiscalYear": "2021",
      "period": "Q4",
      "revenue": 137412000000,
      "costOfRevenue": 82835000000,
      "grossProfit": 54577000000,
      "researchAndDevelopmentExpenses": 15313000000,
      "generalAndAdministrativeExpenses": 2525000000,
      "sellingAndMarketingExpenses": 10810000000,
      "sellingGeneralAndAdministrativeExpenses": 13335000000,
      "otherExpenses": 22469000000,
      "operatingExpenses": 51117000000,
      "costAndExpenses": 133952000000,
      "netInterestIncome": -364000000,
      "interestIncome": 118000000,
      "interestExpense": 482000000,
      "depreciationAndAmortization": 9802000000,
      "ebitda": 25218000000,
      "ebit": 15416000000,
      "nonOperatingIncomeExcludingInterest": -11956000000,
      "operatingIncome": 3460000000,
      "totalOtherIncomeExpensesNet": 11474000000,
      "incomeBeforeTax": 14934000000,
      "incomeTaxExpense": 612000000,
      "netIncomeFromContinuingOperations": 14323000000,
      "netIncomeFromDiscontinuedOperations": 0,
      "otherAdjustmentsToNetIncome": 0,
      "netIncome": 14323000000,
      "netIncomeDeductions": 0,
      "bottomLineNetIncome": 14323000000,
      "eps": 1.41,
      "epsDiluted": 1.39,
      "weightedAverageShsOut": 10160000000,
      "weightedAverageShsOutDil": 10320000000
    },
    {
      "date": "2021-09-30",
      "symbol": "AMZN",
      "reportedCurrency": "USD",
      "cik": "0001018724",
      "filingDate": "2021-10-29",
      "acceptedDate": "2021-10-28 18:29:31",
      "fiscalYear": "2021",
      "period": "Q3",
      "revenue": 110812000000,
      "costOfRevenue": 62930000000,
      "grossProfit": 47882000000,
      "researchAndDevelopmentExpenses": 14380000000,
      "generalAndAdministrativeExpenses": 2153000000,
      "sellingAndMarketingExpenses": 8010000000,
      "sellingGeneralAndAdministrativeExpenses": 10163000000,
      "otherExpenses": 18487000000,
      "operatingExpenses": 43030000000,
      "costAndExpenses": 105960000000,
      "netInterestIncome": -374000000,
      "interestIncome": 119000000,
      "interestExpense": 493000000,
      "depreciationAndAmortization": 8948000000,
      "ebitda": 13756000000,
      "ebit": 4808000000,
      "nonOperatingIncomeExcludingInterest": 44000000,
      "operatingIncome": 4852000000,
      "totalOtherIncomeExpensesNet": -537000000,
      "incomeBeforeTax": 4315000000,
      "incomeTaxExpense": 1155000000,
      "netIncomeFromContinuingOperations": 3156000000,
      "netIncomeFromDiscontinuedOperations": 0,
      "otherAdjustmentsToNetIncome": 0,
      "netIncome": 3156000000,
      "netIncomeDeductions": 0,
      "bottomLineNetIncome": 3156000000,
      "eps": 0.31,
      "epsDiluted": 0.31,
      "weightedAverageShsOut": 10140000000,
      "weightedAverageShsOutDil": 10300000000
    },
    {
      "date": "2021-06-30",
      "symbol": "AMZN",
      "reportedCurrency": "USD",
      "cik": "0001018724",
      "filingDate": "2021-07-30",
      "acceptedDate": "2021-07-29 19:02:39",
      "fiscalYear": "2021",
      "period": "Q2",
      "revenue": 113080000000,
      "costOfRevenue": 64176000000,
      "grossProfit": 48904000000,
      "researchAndDevelopmentExpenses": 13871000000,
      "generalAndAdministrativeExpenses": 2158000000,
      "sellingAndMarketingExpenses": 7524000000,
      "sellingGeneralAndAdministrativeExpenses": 9682000000,
      "otherExpenses": 17649000000,
      "operatingExpenses": 41202000000,
      "costAndExpenses": 105378000000,
      "netInterestIncome": -329000000,
      "interestIncome": 106000000,
      "interestExpense": 435000000,
      "depreciationAndAmortization": 8038000000,
      "ebitda": 17107000000,
      "ebit": 9069000000,
      "nonOperatingIncomeExcludingInterest": -1367000000,
      "operatingIncome": 7702000000,
      "totalOtherIncomeExpensesNet": 944000000,
      "incomeBeforeTax": 8646000000,
      "incomeTaxExpense": 868000000,
      "netIncomeFromContinuingOperations": 7778000000,
      "netIncomeFromDiscontinuedOperations": 0,
      "otherAdjustmentsToNetIncome": 0,
      "netIncome": 7778000000,
      "netIncomeDeductions": 0,
      "bottomLineNetIncome": 7778000000,
      "eps": 0.77,
      "epsDiluted": 0.76,
      "weightedAverageShsOut": 10100000000,
      "weightedAverageShsOutDil": 10280000000
    },
    {
      "date": "2021-03-31",
      "symbol": "AMZN",
      "reportedCurrency": "USD",
      "cik": "0001018724",
      "filingDate": "2021-04-30",
      "acceptedDate": "2021-04-29 18:48:35",
      "fiscalYear": "2021",
      "period": "Q1",
      "revenue": 108518000000,
      "costOfRevenue": 62403000000,
      "grossProfit": 46115000000,
      "researchAndDevelopmentExpenses": 12488000000,
      "generalAndAdministrativeExpenses": 1987000000,
      "sellingAndMarketingExpenses": 6207000000,
      "sellingGeneralAndAdministrativeExpenses": 8194000000,
      "otherExpenses": 16568000000,
      "operatingExpenses": 37250000000,
      "costAndExpenses": 99653000000,
      "netInterestIncome": -294000000,
      "interestIncome": 105000000,
      "interestExpense": 399000000,
      "depreciationAndAmortization": 7508000000,
      "ebitda": 18175000000,
      "ebit": 10667000000,
      "nonOperatingIncomeExcludingInterest": -1802000000,
      "operatingIncome": 8865000000,
      "totalOtherIncomeExpensesNet": 1403000000,
      "incomeBeforeTax": 10268000000,
      "incomeTaxExpense": 2156000000,
      "netIncomeFromContinuingOperations": 8107000000,
      "netIncomeFromDiscontinuedOperations": 0,
      "otherAdjustmentsToNetIncome": 0,
      "netIncome": 8107000000,
      "netIncomeDeductions": 0,
      "bottomLineNetIncome": 8107000000,
      "eps": 0.8,
      "epsDiluted": 0.79,
      "weightedAverageShsOut": 10080000000,
      "weightedAverageShsOutDil": 10260000000
    },
    {
      "date": "2020-12-31",
      "symbol": "AMZN",
      "reportedCurrency": "USD",
      "cik": "0001018724",
      "filingDate": "2021-02-03",
      "acceptedDate": "2021-02-02 19:44:10",
      "fiscalYear": "2020",
      "period": "Q4",
      "revenue": 125555000000,
      "costOfRevenue": 79284000000,
      "grossProfit": 46271000000,
      "researchAndDevelopmentExpenses": 12049000000,
      "generalAndAdministrativeExpenses": 1968000000,
      "sellingAndMarketingExpenses": 7403000000,
      "sellingGeneralAndAdministrativeExpenses": 9371000000,
      "otherExpenses": 17978000000,
      "operatingExpenses": 39398000000,
      "costAndExpenses": 118682000000,
      "netInterestIncome": -314000000,
      "interestIncome": 100000000,
      "interestExpense": 414000000,
      "depreciationAndAmortization": 7618000000,
      "ebitda": 15797000000,
      "ebit": 8179000000,
      "nonOperatingIncomeExcludingInterest": -1306000000,
      "operatingIncome": 6873000000,
      "totalOtherIncomeExpensesNet": 914000000,
      "incomeBeforeTax": 7788000000,
      "incomeTaxExpense": 565000000,
      "netIncomeFromContinuingOperations": 7222000000,
      "netIncomeFromDiscontinuedOperations": 0,
      "otherAdjustmentsToNetIncome": 0,
      "netIncome": 7222000000,
      "netIncomeDeductions": 0,
      "bottomLineNetIncome": 7222000000,
      "eps": 0.72,
      "epsDiluted": 0.7,
      "weightedAverageShsOut": 10040000000,
      "weightedAverageShsOutDil": 10260000000
    },
    {
      "date": "2020-09-30",
      "symbol": "AMZN",
      "reportedCurrency": "USD",
      "cik": "0001018724",
      "filingDate": "2020-10-30",
      "acceptedDate": "2020-10-29 19:08:00",
      "fiscalYear": "2020",
      "period": "Q3",
      "revenue": 96145000000,
      "costOfRevenue": 57106000000,
      "grossProfit": 39039000000,
      "researchAndDevelopmentExpenses": 10976000000,
      "generalAndAdministrativeExpenses": 1668000000,
      "sellingAndMarketingExpenses": 5434000000,
      "sellingGeneralAndAdministrativeExpenses": 7102000000,
      "otherExpenses": 14767000000,
      "operatingExpenses": 32845000000,
      "costAndExpenses": 89951000000,
      "netInterestIncome": -310000000,
      "interestIncome": 118000000,
      "interestExpense": 428000000,
      "depreciationAndAmortization": 6523000000,
      "ebitda": 13760000000,
      "ebit": 7237000000,
      "nonOperatingIncomeExcludingInterest": -1043000000,
      "operatingIncome": 6194000000,
      "totalOtherIncomeExpensesNet": 706000000,
      "incomeBeforeTax": 6900000000,
      "incomeTaxExpense": 569000000,
      "netIncomeFromContinuingOperations": 6331000000,
      "netIncomeFromDiscontinuedOperations": 0,
      "otherAdjustmentsToNetIncome": 0,
      "netIncome": 6331000000,
      "netIncomeDeductions": 0,
      "bottomLineNetIncome": 6331000000,
      "eps": 0.63,
      "epsDiluted": 0.62,
      "weightedAverageShsOut": 10020000000,
      "weightedAverageShsOutDil": 10240000000
    },
    {
      "date": "2020-06-30",
      "symbol": "AMZN",
      "reportedCurrency": "USD",
      "cik": "0001018724",
      "filingDate": "2020-07-31",
      "acceptedDate": "2020-07-30 20:00:55",
      "fiscalYear": "2020",
      "period": "Q2",
      "revenue": 88912000000,
      "costOfRevenue": 52660000000,
      "grossProfit": 36252000000,
      "researchAndDevelopmentExpenses": 10388000000,
      "generalAndAdministrativeExpenses": 1580000000,
      "sellingAndMarketingExpenses": 4345000000,
      "sellingGeneralAndAdministrativeExpenses": 5925000000,
      "otherExpenses": 14096000000,
      "operatingExpenses": 30409000000,
      "costAndExpenses": 83069000000,
      "netInterestIncome": -268000000,
      "interestIncome": 135000000,
      "interestExpense": 403000000,
      "depreciationAndAmortization": 5748000000,
      "ebitda": 12372000000,
      "ebit": 6624000000,
      "nonOperatingIncomeExcludingInterest": -781000000,
      "operatingIncome": 5843000000,
      "totalOtherIncomeExpensesNet": 384000000,
      "incomeBeforeTax": 6227000000,
      "incomeTaxExpense": 984000000,
      "netIncomeFromContinuingOperations": 5243000000,
      "netIncomeFromDiscontinuedOperations": 0,
      "otherAdjustmentsToNetIncome": 0,
      "netIncome": 5243000000,
      "netIncomeDeductions": 0,
      "bottomLineNetIncome": 5243000000,
      "eps": 0.53,
      "epsDiluted": 0.52,
      "weightedAverageShsOut": 10000000000,
      "weightedAverageShsOutDil": 10180000000
    },
    {
      "date": "2020-03-31",
      "symbol": "AMZN",
      "reportedCurrency": "USD",
      "cik": "0001018724",
      "filingDate": "2020-05-01",
      "acceptedDate": "2020-04-30 19:23:48",
      "fiscalYear": "2020",
      "period": "Q1",
      "revenue": 75452000000,
      "costOfRevenue": 44257000000,
      "grossProfit": 31195000000,
      "researchAndDevelopmentExpenses": 9325000000,
      "generalAndAdministrativeExpenses": 1452000000,
      "sellingAndMarketingExpenses": 4828000000,
      "sellingGeneralAndAdministrativeExpenses": 6280000000,
      "otherExpenses": 11601000000,
      "operatingExpenses": 27206000000,
      "costAndExpenses": 71463000000,
      "netInterestIncome": -200000000,
      "interestIncome": 202000000,
      "interestExpense": 402000000,
      "depreciationAndAmortization": 5362000000,
      "ebitda": 9147000000,
      "ebit": 3785000000,
      "nonOperatingIncomeExcludingInterest": 204000000,
      "operatingIncome": 3989000000,
      "totalOtherIncomeExpensesNet": -710000000,
      "incomeBeforeTax": 3279000000,
      "incomeTaxExpense": 744000000,
      "netIncomeFromContinuingOperations": 2535000000,
      "netIncomeFromDiscontinuedOperations": 0,
      "otherAdjustmentsToNetIncome": 0,
      "netIncome": 2535000000,
      "netIncomeDeductions": 0,
      "bottomLineNetIncome": 2535000000,
      "eps": 0.25,
      "epsDiluted": 0.25,
      "weightedAverageShsOut": 9960000000,
      "weightedAverageShsOutDil": 10120000000
    },
    {
      "date": "2019-12-31",
      "symbol": "AMZN",
      "reportedCurrency": "USD",
      "cik": "0001018724",
      "filingDate": "2020-01-31",
      "acceptedDate": "2020-01-30 20:46:13",
      "fiscalYear": "2019",
      "period": "Q4",
      "revenue": 87436000000,
      "costOfRevenue": 53977000000,
      "grossProfit": 33459000000,
      "researchAndDevelopmentExpenses": 9740000000,
      "generalAndAdministrativeExpenses": 1412000000,
      "sellingAndMarketingExpenses": 6171000000,
      "sellingGeneralAndAdministrativeExpenses": 7583000000,
      "otherExpenses": 12257000000,
      "operatingExpenses": 29580000000,
      "costAndExpenses": 83557000000,
      "netInterestIncome": -244000000,
      "interestIncome": 211000000,
      "interestExpense": 455000000,
      "depreciationAndAmortization": 6170000000,
      "ebitda": 10678000000,
      "ebit": 4508000000,
      "nonOperatingIncomeExcludingInterest": -629000000,
      "operatingIncome": 3879000000,
      "totalOtherIncomeExpensesNet": 175000000,
      "incomeBeforeTax": 4053000000,
      "incomeTaxExpense": 786000000,
      "netIncomeFromContinuingOperations": 3268000000,
      "netIncomeFromDiscontinuedOperations": 0,
      "otherAdjustmentsToNetIncome": 0,
      "netIncome": 3268000000,
      "netIncomeDeductions": 0,
      "bottomLineNetIncome": 3268000000,
      "eps": 0.33,
      "epsDiluted": 0.32,
      "weightedAverageShsOut": 9920000000,
      "weightedAverageShsOutDil": 10100000000
    },
    {
      "date": "2019-09-30",
      "symbol": "AMZN",
      "reportedCurrency": "USD",
      "cik": "0001018724",
      "filingDate": "2019-10-25",
      "acceptedDate": "2019-10-24 20:49:26",
      "fiscalYear": "2019",
      "period": "Q3",
      "revenue": 69981000000,
      "costOfRevenue": 41302000000,
      "grossProfit": 28679000000,
      "researchAndDevelopmentExpenses": 9200000000,
      "generalAndAdministrativeExpenses": 1348000000,
      "sellingAndMarketingExpenses": 4752000000,
      "sellingGeneralAndAdministrativeExpenses": 6100000000,
      "otherExpenses": 10222000000,
      "operatingExpenses": 25522000000,
      "costAndExpenses": 66824000000,
      "netInterestIncome": -172000000,
      "interestIncome": 224000000,
      "interestExpense": 396000000,
      "depreciationAndAmortization": 5563000000,
      "ebitda": 8591000000,
      "ebit": 3028000000,
      "nonOperatingIncomeExcludingInterest": 129000000,
      "operatingIncome": 3157000000,
      "totalOtherIncomeExpensesNet": -529000000,
      "incomeBeforeTax": 2628000000,
      "incomeTaxExpense": 494000000,
      "netIncomeFromContinuingOperations": 2134000000,
      "netIncomeFromDiscontinuedOperations": 0,
      "otherAdjustmentsToNetIncome": 0,
      "netIncome": 2134000000,
      "netIncomeDeductions": 0,
      "bottomLineNetIncome": 2134000000,
      "eps": 0.22,
      "epsDiluted": 0.21,
      "weightedAverageShsOut": 9900000000,
      "weightedAverageShsOutDil": 10080000000
    },
    {
      "date": "2019-06-30",
      "symbol": "AMZN",
      "reportedCurrency": "USD",
      "cik": "0001018724",
      "filingDate": "2019-07-26",
      "acceptedDate": "2019-07-25 19:40:28",
      "fiscalYear": "2019",
      "period": "Q2",
      "revenue": 63404000000,
      "costOfRevenue": 36337000000,
      "grossProfit": 27067000000,
      "researchAndDevelopmentExpenses": 9065000000,
      "generalAndAdministrativeExpenses": 1270000000,
      "sellingAndMarketingExpenses": 4291000000,
      "sellingGeneralAndAdministrativeExpenses": 5561000000,
      "otherExpenses": 9357000000,
      "operatingExpenses": 23983000000,
      "costAndExpenses": 60320000000,
      "netInterestIncome": -168000000,
      "interestIncome": 215000000,
      "interestExpense": 383000000,
      "depreciationAndAmortization": 5202000000,
      "ebitda": 8474000000,
      "ebit": 3272000000,
      "nonOperatingIncomeExcludingInterest": -188000000,
      "operatingIncome": 3084000000,
      "totalOtherIncomeExpensesNet": -202000000,
      "incomeBeforeTax": 2882000000,
      "incomeTaxExpense": 257000000,
      "netIncomeFromContinuingOperations": 2625000000,
      "netIncomeFromDiscontinuedOperations": 0,
      "otherAdjustmentsToNetIncome": 0,
      "netIncome": 2625000000,
      "netIncomeDeductions": 0,
      "bottomLineNetIncome": 2625000000,
      "eps": 0.27,
      "epsDiluted": 0.26,
      "weightedAverageShsOut": 9860000000,
      "weightedAverageShsOutDil": 10060000000
    },
    {
      "date": "2019-03-31",
      "symbol": "AMZN",
      "reportedCurrency": "USD",
      "cik": "0001018724",
      "filingDate": "2019-04-26",
      "acceptedDate": "2019-04-25 19:08:50",
      "fiscalYear": "2019",
      "period": "Q1",
      "revenue": 59700000000,
      "costOfRevenue": 33920000000,
      "grossProfit": 25780000000,
      "researchAndDevelopmentExpenses": 7927000000,
      "generalAndAdministrativeExpenses": 1173000000,
      "sellingAndMarketingExpenses": 3664000000,
      "sellingGeneralAndAdministrativeExpenses": 4837000000,
      "otherExpenses": 8596000000,
      "operatingExpenses": 21360000000,
      "costAndExpenses": 55280000000,
      "netInterestIncome": -183000000,
      "interestIncome": 183000000,
      "interestExpense": 366000000,
      "depreciationAndAmortization": 4854000000,
      "ebitda": 9621000000,
      "ebit": 4767000000,
      "nonOperatingIncomeExcludingInterest": -347000000,
      "operatingIncome": 4420000000,
      "totalOtherIncomeExpensesNet": -19000000,
      "incomeBeforeTax": 4401000000,
      "incomeTaxExpense": 836000000,
      "netIncomeFromContinuingOperations": 3561000000,
      "netIncomeFromDiscontinuedOperations": 0,
      "otherAdjustmentsToNetIncome": 0,
      "netIncome": 3561000000,
      "netIncomeDeductions": 0,
      "bottomLineNetIncome": 3561000000,
      "eps": 0.36,
      "epsDiluted": 0.35,
      "weightedAverageShsOut": 9820000000,
      "weightedAverageShsOutDil": 10040000000
    },
    {
      "date": "2018-12-31",
      "symbol": "AMZN",
      "reportedCurrency": "USD",
      "cik": "0001018724",
      "filingDate": "2019-02-01",
      "acceptedDate": "2019-01-31 20:22:40",
      "fiscalYear": "2018",
      "period": "Q4",
      "revenue": 72383000000,
      "costOfRevenue": 44786000000,
      "grossProfit": 27597000000,
      "researchAndDevelopmentExpenses": 7669000000,
      "generalAndAdministrativeExpenses": 1117000000,
      "sellingAndMarketingExpenses": 4912000000,
      "sellingGeneralAndAdministrativeExpenses": 6029000000,
      "otherExpenses": 10113000000,
      "operatingExpenses": 23811000000,
      "costAndExpenses": 68597000000,
      "netInterestIncome": -237000000,
      "interestIncome": 150000000,
      "interestExpense": 387000000,
      "depreciationAndAmortization": 4262000000,
      "ebitda": 7999000000,
      "ebit": 3737000000,
      "nonOperatingIncomeExcludingInterest": 49000000,
      "operatingIncome": 3786000000,
      "totalOtherIncomeExpensesNet": -432000000,
      "incomeBeforeTax": 3354000000,
      "incomeTaxExpense": 327000000,
      "netIncomeFromContinuingOperations": 3027000000,
      "netIncomeFromDiscontinuedOperations": 0,
      "otherAdjustmentsToNetIncome": 0,
      "netIncome": 3027000000,
      "netIncomeDeductions": 0,
      "bottomLineNetIncome": 3027000000,
      "eps": 0.31,
      "epsDiluted": 0.3,
      "weightedAverageShsOut": 9800000000,
      "weightedAverageShsOutDil": 10020000000
    },
    {
      "date": "2018-09-30",
      "symbol": "AMZN",
      "reportedCurrency": "USD",
      "cik": "0001018724",
      "filingDate": "2018-10-26",
      "acceptedDate": "2018-10-25 19:42:40",
      "fiscalYear": "2018",
      "period": "Q3",
      "revenue": 56576000000,
      "costOfRevenue": 33003000000,
      "grossProfit": 23573000000,
      "researchAndDevelopmentExpenses": 7162000000,
      "generalAndAdministrativeExpenses": 1041000000,
      "sellingAndMarketingExpenses": 3303000000,
      "sellingGeneralAndAdministrativeExpenses": 4344000000,
      "otherExpenses": 8343000000,
      "operatingExpenses": 19849000000,
      "costAndExpenses": 52852000000,
      "netInterestIncome": -241000000,
      "interestIncome": 117000000,
      "interestExpense": 358000000,
      "depreciationAndAmortization": 3778000000,
      "ebitda": 7526000000,
      "ebit": 3748000000,
      "nonOperatingIncomeExcludingInterest": -24000000,
      "operatingIncome": 3724000000,
      "totalOtherIncomeExpensesNet": -334000000,
      "incomeBeforeTax": 3390000000,
      "incomeTaxExpense": 508000000,
      "netIncomeFromContinuingOperations": 2883000000,
      "netIncomeFromDiscontinuedOperations": 0,
      "otherAdjustmentsToNetIncome": 0,
      "netIncome": 2883000000,
      "netIncomeDeductions": 0,
      "bottomLineNetIncome": 2883000000,
      "eps": 0.3,
      "epsDiluted": 0.29,
      "weightedAverageShsOut": 9760000000,
      "weightedAverageShsOutDil": 10020000000
    },
    {
      "date": "2018-06-30",
      "symbol": "AMZN",
      "reportedCurrency": "USD",
      "cik": "0001018724",
      "filingDate": "2018-07-27",
      "acceptedDate": "2018-07-26 19:23:13",
      "fiscalYear": "2018",
      "period": "Q2",
      "revenue": 52886000000,
      "costOfRevenue": 30632000000,
      "grossProfit": 22254000000,
      "researchAndDevelopmentExpenses": 7247000000,
      "generalAndAdministrativeExpenses": 1111000000,
      "sellingAndMarketingExpenses": 2901000000,
      "sellingGeneralAndAdministrativeExpenses": 4012000000,
      "otherExpenses": 8012000000,
      "operatingExpenses": 19271000000,
      "costAndExpenses": 49903000000,
      "netInterestIncome": -249000000,
      "interestIncome": 94000000,
      "interestExpense": 343000000,
      "depreciationAndAmortization": 3630000000,
      "ebitda": 6578000000,
      "ebit": 2948000000,
      "nonOperatingIncomeExcludingInterest": 35000000,
      "operatingIncome": 2983000000,
      "totalOtherIncomeExpensesNet": -375000000,
      "incomeBeforeTax": 2608000000,
      "incomeTaxExpense": 74000000,
      "netIncomeFromContinuingOperations": 2534000000,
      "netIncomeFromDiscontinuedOperations": 0,
      "otherAdjustmentsToNetIncome": 0,
      "netIncome": 2534000000,
      "netIncomeDeductions": 0,
      "bottomLineNetIncome": 2534000000,
      "eps": 0.26,
      "epsDiluted": 0.25,
      "weightedAverageShsOut": 9720000000,
      "weightedAverageShsOutDil": 10000000000
    },
    {
      "date": "2018-03-31",
      "symbol": "AMZN",
      "reportedCurrency": "USD",
      "cik": "0001018724",
      "filingDate": "2018-04-27",
      "acceptedDate": "2018-04-26 19:36:54",
      "fiscalYear": "2018",
      "period": "Q1",
      "revenue": 51042000000,
      "costOfRevenue": 30735000000,
      "grossProfit": 20307000000,
      "researchAndDevelopmentExpenses": 6759000000,
      "generalAndAdministrativeExpenses": 1067000000,
      "sellingAndMarketingExpenses": 2699000000,
      "sellingGeneralAndAdministrativeExpenses": 3766000000,
      "otherExpenses": 7855000000,
      "operatingExpenses": 18380000000,
      "costAndExpenses": 49115000000,
      "netInterestIncome": -250000000,
      "interestIncome": 80000000,
      "interestExpense": 330000000,
      "depreciationAndAmortization": 3671000000,
      "ebitda": 5917000000,
      "ebit": 2246000000,
      "nonOperatingIncomeExcludingInterest": -319000000,
      "operatingIncome": 1927000000,
      "totalOtherIncomeExpensesNet": -11000000,
      "incomeBeforeTax": 1916000000,
      "incomeTaxExpense": 287000000,
      "netIncomeFromContinuingOperations": 1629000000,
      "netIncomeFromDiscontinuedOperations": 0,
      "otherAdjustmentsToNetIncome": 0,
      "netIncome": 1629000000,
      "netIncomeDeductions": 0,
      "bottomLineNetIncome": 1629000000,
      "eps": 0.17,
      "epsDiluted": 0.16,
      "weightedAverageShsOut": 9680000000,
      "weightedAverageShsOutDil": 9960000000
    },
    {
      "date": "2017-12-31",
      "symbol": "AMZN",
      "reportedCurrency": "USD",
      "cik": "0001018724",
      "filingDate": "2018-02-02",
      "acceptedDate": "2018-02-01 20:41:15",
      "fiscalYear": "2017",
      "period": "Q4",
      "revenue": 60453000000,
      "costOfRevenue": 38495000000,
      "grossProfit": 21958000000,
      "researchAndDevelopmentExpenses": 6314000000,
      "generalAndAdministrativeExpenses": 1044000000,
      "sellingAndMarketingExpenses": 3440000000,
      "sellingGeneralAndAdministrativeExpenses": 4484000000,
      "otherExpenses": 9033000000,
      "operatingExpenses": 19831000000,
      "costAndExpenses": 58326000000,
      "netInterestIncome": -273000000,
      "interestIncome": 65000000,
      "interestExpense": 338000000,
      "depreciationAndAmortization": 3498000000,
      "ebitda": 5707000000,
      "ebit": 2209000000,
      "nonOperatingIncomeExcludingInterest": -82000000,
      "operatingIncome": 2127000000,
      "totalOtherIncomeExpensesNet": -256000000,
      "incomeBeforeTax": 1871000000,
      "incomeTaxExpense": 14000000,
      "netIncomeFromContinuingOperations": 1857000000,
      "netIncomeFromDiscontinuedOperations": 0,
      "otherAdjustmentsToNetIncome": 0,
      "netIncome": 1857000000,
      "netIncomeDeductions": 0,
      "bottomLineNetIncome": 1857000000,
      "eps": 0.19,
      "epsDiluted": 0.19,
      "weightedAverageShsOut": 9660000000,
      "weightedAverageShsOutDil": 9920000000
    },
    {
      "date": "2017-09-30",
      "symbol": "AMZN",
      "reportedCurrency": "USD",
      "cik": "0001018724",
      "filingDate": "2017-10-27",
      "acceptedDate": "2017-10-26 19:41:02",
      "fiscalYear": "2017",
      "period": "Q3",
      "revenue": 43744000000,
      "costOfRevenue": 27549000000,
      "grossProfit": 16195000000,
      "researchAndDevelopmentExpenses": 5944000000,
      "generalAndAdministrativeExpenses": 960000000,
      "sellingAndMarketingExpenses": 2479000000,
      "sellingGeneralAndAdministrativeExpenses": 3439000000,
      "otherExpenses": 6465000000,
      "operatingExpenses": 15848000000,
      "costAndExpenses": 43397000000,
      "netInterestIncome": -174000000,
      "interestIncome": 54000000,
      "interestExpense": 228000000,
      "depreciationAndAmortization": 2912000000,
      "ebitda": 3456000000,
      "ebit": 544000000,
      "nonOperatingIncomeExcludingInterest": -197000000,
      "operatingIncome": 347000000,
      "totalOtherIncomeExpensesNet": -33000000,
      "incomeBeforeTax": 314000000,
      "incomeTaxExpense": 58000000,
      "netIncomeFromContinuingOperations": 256000000,
      "netIncomeFromDiscontinuedOperations": 0,
      "otherAdjustmentsToNetIncome": 0,
      "netIncome": 256000000,
      "netIncomeDeductions": 0,
      "bottomLineNetIncome": 256000000,
      "eps": 0.0265,
      "epsDiluted": 0.026,
      "weightedAverageShsOut": 9620000000,
      "weightedAverageShsOutDil": 9880000000
    },
    {
      "date": "2017-06-30",
      "symbol": "AMZN",
      "reportedCurrency": "USD",
      "cik": "0001018724",
      "filingDate": "2017-07-28",
      "acceptedDate": "2017-07-27 19:19:31",
      "fiscalYear": "2017",
      "period": "Q2",
      "revenue": 37955000000,
      "costOfRevenue": 23451000000,
      "grossProfit": 14504000000,
      "researchAndDevelopmentExpenses": 5549000000,
      "generalAndAdministrativeExpenses": 874000000,
      "sellingAndMarketingExpenses": 2229000000,
      "sellingGeneralAndAdministrativeExpenses": 3103000000,
      "otherExpenses": 5224000000,
      "operatingExpenses": 13876000000,
      "costAndExpenses": 37327000000,
      "netInterestIncome": -99000000,
      "interestIncome": 44000000,
      "interestExpense": 143000000,
      "depreciationAndAmortization": 2633000000,
      "ebitda": 3442000000,
      "ebit": 809000000,
      "nonOperatingIncomeExcludingInterest": -181000000,
      "operatingIncome": 628000000,
      "totalOtherIncomeExpensesNet": 38000000,
      "incomeBeforeTax": 666000000,
      "incomeTaxExpense": 467000000,
      "netIncomeFromContinuingOperations": 197000000,
      "netIncomeFromDiscontinuedOperations": 0,
      "otherAdjustmentsToNetIncome": 0,
      "netIncome": 197000000,
      "netIncomeDeductions": 0,
      "bottomLineNetIncome": 197000000,
      "eps": 0.0205,
      "epsDiluted": 0.02,
      "weightedAverageShsOut": 9580000000,
      "weightedAverageShsOutDil": 9840000000
    },
    {
      "date": "2017-03-31",
      "symbol": "AMZN",
      "reportedCurrency": "USD",
      "cik": "0001018724",
      "filingDate": "2017-04-28",
      "acceptedDate": "2017-04-27 19:05:44",
      "fiscalYear": "2017",
      "period": "Q1",
      "revenue": 35714000000,
      "costOfRevenue": 22440000000,
      "grossProfit": 13274000000,
      "researchAndDevelopmentExpenses": 4813000000,
      "generalAndAdministrativeExpenses": 795000000,
      "sellingAndMarketingExpenses": 1920000000,
      "sellingGeneralAndAdministrativeExpenses": 2715000000,
      "otherExpenses": 4741000000,
      "operatingExpenses": 12269000000,
      "costAndExpenses": 34709000000,
      "netInterestIncome": -100000000,
      "interestIncome": 39000000,
      "interestExpense": 139000000,
      "depreciationAndAmortization": 2435000000,
      "ebitda": 3527000000,
      "ebit": 1092000000,
      "nonOperatingIncomeExcludingInterest": -87000000,
      "operatingIncome": 1005000000,
      "totalOtherIncomeExpensesNet": -52000000,
      "incomeBeforeTax": 953000000,
      "incomeTaxExpense": 229000000,
      "netIncomeFromContinuingOperations": 724000000,
      "netIncomeFromDiscontinuedOperations": 0,
      "otherAdjustmentsToNetIncome": 0,
      "netIncome": 724000000,
      "netIncomeDeductions": 0,
      "bottomLineNetIncome": 724000000,
      "eps": 0.076,
      "epsDiluted": 0.074,
      "weightedAverageShsOut": 9540000000,
      "weightedAverageShsOutDil": 9800000000
    },
    {
      "date": "2016-12-31",
      "symbol": "AMZN",
      "reportedCurrency": "USD",
      "cik": "0001018724",
      "filingDate": "2017-02-10",
      "acceptedDate": "2017-02-09 17:56:36",
      "fiscalYear": "2016",
      "period": "Q4",
      "revenue": 43741000000,
      "costOfRevenue": 28959000000,
      "grossProfit": 14782000000,
      "researchAndDevelopmentExpenses": 4545000000,
      "generalAndAdministrativeExpenses": 717000000,
      "sellingAndMarketingExpenses": 2513000000,
      "sellingGeneralAndAdministrativeExpenses": 3230000000,
      "otherExpenses": 5753000000,
      "operatingExpenses": 13527000000,
      "costAndExpenses": 42486000000,
      "netInterestIncome": -104000000,
      "interestIncome": 29000000,
      "interestExpense": 133000000,
      "depreciationAndAmortization": 2297000000,
      "ebitda": 3596000000,
      "ebit": 1299000000,
      "nonOperatingIncomeExcludingInterest": -44000000,
      "operatingIncome": 1255000000,
      "totalOtherIncomeExpensesNet": -89000000,
      "incomeBeforeTax": 1162000000,
      "incomeTaxExpense": 413000000,
      "netIncomeFromContinuingOperations": 749000000,
      "netIncomeFromDiscontinuedOperations": 0,
      "otherAdjustmentsToNetIncome": 0,
      "netIncome": 749000000,
      "netIncomeDeductions": 0,
      "bottomLineNetIncome": 749000000,
      "eps": 0.0785,
      "epsDiluted": 0.077,
      "weightedAverageShsOut": 9520000000,
      "weightedAverageShsOutDil": 9720000000
    },
    {
      "date": "2016-09-30",
      "symbol": "AMZN",
      "reportedCurrency": "USD",
      "cik": "0001018724",
      "filingDate": "2016-10-28",
      "acceptedDate": "2016-10-27 18:38:58",
      "fiscalYear": "2016",
      "period": "Q3",
      "revenue": 32714000000,
      "costOfRevenue": 21260000000,
      "grossProfit": 11454000000,
      "researchAndDevelopmentExpenses": 4135000000,
      "generalAndAdministrativeExpenses": 639000000,
      "sellingAndMarketingExpenses": 1738000000,
      "sellingGeneralAndAdministrativeExpenses": 2377000000,
      "otherExpenses": 4367000000,
      "operatingExpenses": 10879000000,
      "costAndExpenses": 32139000000,
      "netInterestIncome": -92000000,
      "interestIncome": 26000000,
      "interestExpense": 118000000,
      "depreciationAndAmortization": 2084000000,
      "ebitda": 2693000000,
      "ebit": 609000000,
      "nonOperatingIncomeExcludingInterest": -34000000,
      "operatingIncome": 575000000,
      "totalOtherIncomeExpensesNet": -84000000,
      "incomeBeforeTax": 491000000,
      "incomeTaxExpense": 229000000,
      "netIncomeFromContinuingOperations": 252000000,
      "netIncomeFromDiscontinuedOperations": 0,
      "otherAdjustmentsToNetIncome": 0,
      "netIncome": 252000000,
      "netIncomeDeductions": 0,
      "bottomLineNetIncome": 252000000,
      "eps": 0.0265,
      "epsDiluted": 0.026,
      "weightedAverageShsOut": 9480000000,
      "weightedAverageShsOutDil": 9700000000
    },
    {
      "date": "2016-06-30",
      "symbol": "AMZN",
      "reportedCurrency": "USD",
      "cik": "0001018724",
      "filingDate": "2016-07-29",
      "acceptedDate": "2016-07-28 19:21:05",
      "fiscalYear": "2016",
      "period": "Q2",
      "revenue": 30404000000,
      "costOfRevenue": 19180000000,
      "grossProfit": 11224000000,
      "researchAndDevelopmentExpenses": 160000000,
      "generalAndAdministrativeExpenses": 580000000,
      "sellingAndMarketingExpenses": 1546000000,
      "sellingGeneralAndAdministrativeExpenses": 2126000000,
      "otherExpenses": 3933000000,
      "operatingExpenses": 9939000000,
      "costAndExpenses": 29119000000,
      "netInterestIncome": -92000000,
      "interestIncome": 24000000,
      "interestExpense": 116000000,
      "depreciationAndAmortization": 1909000000,
      "ebitda": 3204000000,
      "ebit": 1295000000,
      "nonOperatingIncomeExcludingInterest": -10000000,
      "operatingIncome": 1285000000,
      "totalOtherIncomeExpensesNet": -106000000,
      "incomeBeforeTax": 1179000000,
      "incomeTaxExpense": 307000000,
      "netIncomeFromContinuingOperations": 857000000,
      "netIncomeFromDiscontinuedOperations": 0,
      "otherAdjustmentsToNetIncome": 0,
      "netIncome": 857000000,
      "netIncomeDeductions": 0,
      "bottomLineNetIncome": 857000000,
      "eps": 0.0905,
      "epsDiluted": 0.089,
      "weightedAverageShsOut": 9460000000,
      "weightedAverageShsOutDil": 9660000000
    },
    {
      "date": "2016-03-31",
      "symbol": "AMZN",
      "reportedCurrency": "USD",
      "cik": "0001018724",
      "filingDate": "2016-04-29",
      "acceptedDate": "2016-04-28 18:27:40",
      "fiscalYear": "2016",
      "period": "Q1",
      "revenue": 29128000000,
      "costOfRevenue": 18866000000,
      "grossProfit": 10262000000,
      "researchAndDevelopmentExpenses": 161000000,
      "generalAndAdministrativeExpenses": 497000000,
      "sellingAndMarketingExpenses": 1436000000,
      "sellingGeneralAndAdministrativeExpenses": 1933000000,
      "otherExpenses": 3732000000,
      "operatingExpenses": 9191000000,
      "costAndExpenses": 28057000000,
      "netInterestIncome": -96000000,
      "interestIncome": 21000000,
      "interestExpense": 117000000,
      "depreciationAndAmortization": 1827000000,
      "ebitda": 3000000000,
      "ebit": 1173000000,
      "nonOperatingIncomeExcludingInterest": -102000000,
      "operatingIncome": 1071000000,
      "totalOtherIncomeExpensesNet": -15000000,
      "incomeBeforeTax": 1056000000,
      "incomeTaxExpense": 475000000,
      "netIncomeFromContinuingOperations": 513000000,
      "netIncomeFromDiscontinuedOperations": 0,
      "otherAdjustmentsToNetIncome": 0,
      "netIncome": 513000000,
      "netIncomeDeductions": 0,
      "bottomLineNetIncome": 513000000,
      "eps": 0.0545,
      "epsDiluted": 0.0535,
      "weightedAverageShsOut": 9420000000,
      "weightedAverageShsOutDil": 9620000000
    },
    {
      "date": "2015-12-31",
      "symbol": "AMZN",
      "reportedCurrency": "USD",
      "cik": "0001018724",
      "filingDate": "2016-01-29",
      "acceptedDate": "2016-01-28 19:38:11",
      "fiscalYear": "2015",
      "period": "Q4",
      "revenue": 35747000000,
      "costOfRevenue": 24341000000,
      "grossProfit": 11406000000,
      "researchAndDevelopmentExpenses": 167000000,
      "generalAndAdministrativeExpenses": 390000000,
      "sellingAndMarketingExpenses": 1758000000,
      "sellingGeneralAndAdministrativeExpenses": 2148000000,
      "otherExpenses": 4580000000,
      "operatingExpenses": 10297000000,
      "costAndExpenses": 34638000000,
      "netInterestIncome": -102000000,
      "interestIncome": 13000000,
      "interestExpense": 115000000,
      "depreciationAndAmortization": 1752000000,
      "ebitda": 2805000000,
      "ebit": 1053000000,
      "nonOperatingIncomeExcludingInterest": 56000000,
      "operatingIncome": 1109000000,
      "totalOtherIncomeExpensesNet": -171000000,
      "incomeBeforeTax": 934000000,
      "incomeTaxExpense": 452000000,
      "netIncomeFromContinuingOperations": 482000000,
      "netIncomeFromDiscontinuedOperations": 0,
      "otherAdjustmentsToNetIncome": 0,
      "netIncome": 482000000,
      "netIncomeDeductions": 0,
      "bottomLineNetIncome": 482000000,
      "eps": 0.0515,
      "epsDiluted": 0.05,
      "weightedAverageShsOut": 9400000000,
      "weightedAverageShsOutDil": 9620000000
    },
    {
      "date": "2015-09-30",
      "symbol": "AMZN",
      "reportedCurrency": "USD",
      "cik": "0001018724",
      "filingDate": "2015-10-23",
      "acceptedDate": "2015-10-22 18:50:56",
      "fiscalYear": "2015",
      "period": "Q3",
      "revenue": 25358000000,
      "costOfRevenue": 16755000000,
      "grossProfit": 8603000000,
      "researchAndDevelopmentExpenses": 159000000,
      "generalAndAdministrativeExpenses": 463000000,
      "sellingAndMarketingExpenses": 1264000000,
      "sellingGeneralAndAdministrativeExpenses": 1727000000,
      "otherExpenses": 3273000000,
      "operatingExpenses": 8197000000,
      "costAndExpenses": 24952000000,
      "netInterestIncome": -103000000,
      "interestIncome": 13000000,
      "interestExpense": 116000000,
      "depreciationAndAmortization": 1599000000,
      "ebitda": 1962000000,
      "ebit": 363000000,
      "nonOperatingIncomeExcludingInterest": 43000000,
      "operatingIncome": 406000000,
      "totalOtherIncomeExpensesNet": -159000000,
      "incomeBeforeTax": 247000000,
      "incomeTaxExpense": 161000000,
      "netIncomeFromContinuingOperations": 79000000,
      "netIncomeFromDiscontinuedOperations": 0,
      "otherAdjustmentsToNetIncome": 0,
      "netIncome": 79000000,
      "netIncomeDeductions": 0,
      "bottomLineNetIncome": 79000000,
      "eps": 0.0085,
      "epsDiluted": 0.0085,
      "weightedAverageShsOut": 9360000000,
      "weightedAverageShsOutDil": 9560000000
    }
  ]
}