{
  "ticker": "CAKE",
  "endpoint": "income-statement",
  "fetched_at": "2025-09-05T14:21:33.725925",
  "data": [
    {
      "date": "2025-07-01",
      "symbol": "CAKE",
      "reportedCurrency": "USD",
      "cik": "0000887596",
      "filingDate": "2025-08-04",
      "acceptedDate": "2025-08-04 17:01:12",
      "fiscalYear": "2025",
      "period": "Q2",
      "revenue": 955825000,
      "costOfRevenue": 205843000,
      "grossProfit": 749982000,
      "researchAndDevelopmentExpenses": 0,
      "generalAndAdministrativeExpenses": 58778000,
      "sellingAndMarketingExpenses": 0,
      "sellingGeneralAndAdministrativeExpenses": 58778000,
      "otherExpenses": 626382000,
      "operatingExpenses": 685160000,
      "costAndExpenses": 891003000,
      "netInterestIncome": -2873000,
      "interestIncome": 0,
      "interestExpense": 2873000,
      "depreciationAndAmortization": 26860000,
      "ebitda": 91962000,
      "ebit": 65102000,
      "nonOperatingIncomeExcludingInterest": -280000,
      "operatingIncome": 64822000,
      "totalOtherIncomeExpensesNet": -2593000,
      "incomeBeforeTax": 62229000,
      "incomeTaxExpense": 7417000,
      "netIncomeFromContinuingOperations": 54812000,
      "netIncomeFromDiscontinuedOperations": 0,
      "otherAdjustmentsToNetIncome": 0,
      "netIncome": 54812000,
      "netIncomeDeductions": 0,
      "bottomLineNetIncome": 54812000,
      "eps": 1.18,
      "epsDiluted": 1.14,
      "weightedAverageShsOut": 46391000,
      "weightedAverageShsOutDil": 48102000
    },
    {
      "date": "2025-04-01",
      "symbol": "CAKE",
      "reportedCurrency": "USD",
      "cik": "0000887596",
      "filingDate": "2025-05-05",
      "acceptedDate": "2025-05-05 17:00:48",
      "fiscalYear": "2025",
      "period": "Q1",
      "revenue": 927197000,
      "costOfRevenue": 202261000,
      "grossProfit": 724936000,
      "researchAndDevelopmentExpenses": 0,
      "generalAndAdministrativeExpenses": 59932000,
      "sellingAndMarketingExpenses": 0,
      "sellingGeneralAndAdministrativeExpenses": 59932000,
      "otherExpenses": 613045000,
      "operatingExpenses": 672977000,
      "costAndExpenses": 875238000,
      "netInterestIncome": -2328000,
      "interestIncome": 0,
      "interestExpense": 2328000,
      "depreciationAndAmortization": 26082000,
      "ebitda": 58237000,
      "ebit": 32155000,
      "nonOperatingIncomeExcludingInterest": 19804000,
      "operatingIncome": 51959000,
      "totalOtherIncomeExpensesNet": -17476000,
      "incomeBeforeTax": 34483000,
      "incomeTaxExpense": 1542000,
      "netIncomeFromContinuingOperations": 32941000,
      "netIncomeFromDiscontinuedOperations": 0,
      "otherAdjustmentsToNetIncome": 0,
      "netIncome": 32941000,
      "netIncomeDeductions": 0,
      "bottomLineNetIncome": 32941000,
      "eps": 0.69,
      "epsDiluted": 0.67,
      "weightedAverageShsOut": 47526000,
      "weightedAverageShsOutDil": 49284000
    },
    {
      "date": "2024-12-31",
      "symbol": "CAKE",
      "reportedCurrency": "USD",
      "cik": "0000887596",
      "filingDate": "2025-02-24",
      "acceptedDate": "2025-02-24 16:00:47",
      "fiscalYear": "2024",
      "period": "Q4",
      "revenue": 920963000,
      "costOfRevenue": 520999000,
      "grossProfit": 399964000,
      "researchAndDevelopmentExpenses": 0,
      "generalAndAdministrativeExpenses": 57783000,
      "sellingAndMarketingExpenses": 0,
      "sellingGeneralAndAdministrativeExpenses": 57783000,
      "otherExpenses": 191749000,
      "operatingExpenses": 249532000,
      "costAndExpenses": 874331000,
      "netInterestIncome": -4133000,
      "interestIncome": 0,
      "interestExpense": 4133000,
      "depreciationAndAmortization": 26435000,
      "ebitda": 73908000,
      "ebit": 47473000,
      "nonOperatingIncomeExcludingInterest": -841000,
      "operatingIncome": 46632000,
      "totalOtherIncomeExpensesNet": -1296000,
      "incomeBeforeTax": 45336000,
      "incomeTaxExpense": 4182000,
      "netIncomeFromContinuingOperations": 41154000,
      "netIncomeFromDiscontinuedOperations": 0,
      "otherAdjustmentsToNetIncome": 0,
      "netIncome": 41154000,
      "netIncomeDeductions": 0,
      "bottomLineNetIncome": 41154000,
      "eps": 0.86,
      "epsDiluted": 0.84,
      "weightedAverageShsOut": 47789000,
      "weightedAverageShsOutDil": 48974000
    },
    {
      "date": "2024-10-01",
      "symbol": "CAKE",
      "reportedCurrency": "USD",
      "cik": "0000887596",
      "filingDate": "2024-11-04",
      "acceptedDate": "2024-11-04 17:02:04",
      "fiscalYear": "2024",
      "period": "Q3",
      "revenue": 865471000,
      "costOfRevenue": 506245000,
      "grossProfit": 359226000,
      "researchAndDevelopmentExpenses": 0,
      "generalAndAdministrativeExpenses": 56204000,
      "sellingAndMarketingExpenses": 0,
      "sellingGeneralAndAdministrativeExpenses": 56204000,
      "otherExpenses": 269322000,
      "operatingExpenses": 325526000,
      "costAndExpenses": 831771000,
      "netInterestIncome": -1865000,
      "interestIncome": 0,
      "interestExpense": 1865000,
      "depreciationAndAmortization": 25299000,
      "ebitda": 58999000,
      "ebit": 33700000,
      "nonOperatingIncomeExcludingInterest": 0,
      "operatingIncome": 33700000,
      "totalOtherIncomeExpensesNet": -1865000,
      "incomeBeforeTax": 31835000,
      "incomeTaxExpense": 1841000,
      "netIncomeFromContinuingOperations": 29994000,
      "netIncomeFromDiscontinuedOperations": 0,
      "otherAdjustmentsToNetIncome": 0,
      "netIncome": 29994000,
      "netIncomeDeductions": 0,
      "bottomLineNetIncome": 29994000,
      "eps": 0.63,
      "epsDiluted": 0.61,
      "weightedAverageShsOut": 47750000,
      "weightedAverageShsOutDil": 48946000
    },
    {
      "date": "2024-07-02",
      "symbol": "CAKE",
      "reportedCurrency": "USD",
      "cik": "0000887596",
      "filingDate": "2024-08-05",
      "acceptedDate": "2024-08-05 17:00:45",
      "fiscalYear": "2024",
      "period": "Q2",
      "revenue": 904042000,
      "costOfRevenue": 783033000,
      "grossProfit": 121009000,
      "researchAndDevelopmentExpenses": 0,
      "generalAndAdministrativeExpenses": 54384000,
      "sellingAndMarketingExpenses": 0,
      "sellingGeneralAndAdministrativeExpenses": 54384000,
      "otherExpenses": 271990000,
      "operatingExpenses": 326374000,
      "costAndExpenses": 845350000,
      "netInterestIncome": -2348000,
      "interestIncome": 0,
      "interestExpense": 2348000,
      "depreciationAndAmortization": 24960000,
      "ebitda": 84065000,
      "ebit": 58692000,
      "nonOperatingIncomeExcludingInterest": 0,
      "operatingIncome": 58692000,
      "totalOtherIncomeExpensesNet": -2348000,
      "incomeBeforeTax": 56344000,
      "incomeTaxExpense": 3900000,
      "netIncomeFromContinuingOperations": 52444000,
      "netIncomeFromDiscontinuedOperations": 0,
      "otherAdjustmentsToNetIncome": 0,
      "netIncome": 52444000,
      "netIncomeDeductions": 0,
      "bottomLineNetIncome": 52444000,
      "eps": 1.1,
      "epsDiluted": 1.08,
      "weightedAverageShsOut": 47702000,
      "weightedAverageShsOutDil": 48775000
    },
    {
      "date": "2024-04-02",
      "symbol": "CAKE",
      "reportedCurrency": "USD",
      "cik": "0000887596",
      "filingDate": "2024-05-08",
      "acceptedDate": "2024-05-08 17:01:01",
      "fiscalYear": "2024",
      "period": "Q1",
      "revenue": 891223000,
      "costOfRevenue": 782480000,
      "grossProfit": 108743000,
      "researchAndDevelopmentExpenses": 0,
      "generalAndAdministrativeExpenses": 60366000,
      "sellingAndMarketingExpenses": 0,
      "sellingGeneralAndAdministrativeExpenses": 60366000,
      "otherExpenses": 0,
      "operatingExpenses": 60366000,
      "costAndExpenses": 851930000,
      "netInterestIncome": -1761000,
      "interestIncome": 0,
      "interestExpense": 1761000,
      "depreciationAndAmortization": 24756000,
      "ebitda": 64049000,
      "ebit": 39293000,
      "nonOperatingIncomeExcludingInterest": 0,
      "operatingIncome": 39293000,
      "totalOtherIncomeExpensesNet": -1761000,
      "incomeBeforeTax": 37532000,
      "incomeTaxExpense": 4341000,
      "netIncomeFromContinuingOperations": 33191000,
      "netIncomeFromDiscontinuedOperations": 0,
      "otherAdjustmentsToNetIncome": 0,
      "netIncome": 33191000,
      "netIncomeDeductions": 0,
      "bottomLineNetIncome": 33191000,
      "eps": 0.7,
      "epsDiluted": 0.68,
      "weightedAverageShsOut": 47749000,
      "weightedAverageShsOutDil": 48662000
    },
    {
      "date": "2024-01-02",
      "symbol": "CAKE",
      "reportedCurrency": "USD",
      "cik": "0000887596",
      "filingDate": "2024-02-26",
      "acceptedDate": "2024-02-26 17:00:56",
      "fiscalYear": "2023",
      "period": "Q4",
      "revenue": 877009000,
      "costOfRevenue": 768985000,
      "grossProfit": 108024000,
      "researchAndDevelopmentExpenses": 0,
      "generalAndAdministrativeExpenses": 54683000,
      "sellingAndMarketingExpenses": 0,
      "sellingGeneralAndAdministrativeExpenses": 54683000,
      "otherExpenses": 0,
      "operatingExpenses": 54683000,
      "costAndExpenses": 868870000,
      "netInterestIncome": -2483000,
      "interestIncome": 0,
      "interestExpense": 2483000,
      "depreciationAndAmortization": 24012000,
      "ebitda": 32151000,
      "ebit": 8139000,
      "nonOperatingIncomeExcludingInterest": 0,
      "operatingIncome": 8139000,
      "totalOtherIncomeExpensesNet": -2483000,
      "incomeBeforeTax": 5656000,
      "incomeTaxExpense": -7025000,
      "netIncomeFromContinuingOperations": 12681000,
      "netIncomeFromDiscontinuedOperations": 0,
      "otherAdjustmentsToNetIncome": 0,
      "netIncome": 12681000,
      "netIncomeDeductions": 0,
      "bottomLineNetIncome": 12681000,
      "eps": 0.27,
      "epsDiluted": 0.26,
      "weightedAverageShsOut": 47828000,
      "weightedAverageShsOutDil": 48609000
    },
    {
      "date": "2023-10-03",
      "symbol": "CAKE",
      "reportedCurrency": "USD",
      "cik": "0000887596",
      "filingDate": "2023-11-06",
      "acceptedDate": "2023-11-06 17:00:32",
      "fiscalYear": "2023",
      "period": "Q3",
      "revenue": 830210000,
      "costOfRevenue": 496396000,
      "grossProfit": 333814000,
      "researchAndDevelopmentExpenses": 0,
      "generalAndAdministrativeExpenses": 54209000,
      "sellingAndMarketingExpenses": 0,
      "sellingGeneralAndAdministrativeExpenses": 54209000,
      "otherExpenses": 259113000,
      "operatingExpenses": 313322000,
      "costAndExpenses": 809718000,
      "netInterestIncome": -2027000,
      "interestIncome": 0,
      "interestExpense": 2027000,
      "depreciationAndAmortization": 22837000,
      "ebitda": 43329000,
      "ebit": 20492000,
      "nonOperatingIncomeExcludingInterest": -1462000,
      "operatingIncome": 19030000,
      "totalOtherIncomeExpensesNet": -2027000,
      "incomeBeforeTax": 17003000,
      "incomeTaxExpense": -942000,
      "netIncomeFromContinuingOperations": 17945000,
      "netIncomeFromDiscontinuedOperations": 0,
      "otherAdjustmentsToNetIncome": 0,
      "netIncome": 17945000,
      "netIncomeDeductions": 0,
      "bottomLineNetIncome": 17945000,
      "eps": 0.37,
      "epsDiluted": 0.37,
      "weightedAverageShsOut": 48281000,
      "weightedAverageShsOutDil": 48985000
    },
    {
      "date": "2023-07-04",
      "symbol": "CAKE",
      "reportedCurrency": "USD",
      "cik": "0000887596",
      "filingDate": "2023-08-07",
      "acceptedDate": "2023-08-07 17:00:41",
      "fiscalYear": "2023",
      "period": "Q2",
      "revenue": 866170000,
      "costOfRevenue": 507243000,
      "grossProfit": 358927000,
      "researchAndDevelopmentExpenses": 0,
      "generalAndAdministrativeExpenses": 54488000,
      "sellingAndMarketingExpenses": 0,
      "sellingGeneralAndAdministrativeExpenses": 54488000,
      "otherExpenses": 29972000,
      "operatingExpenses": 310822000,
      "costAndExpenses": 818065000,
      "netInterestIncome": -2162000,
      "interestIncome": 0,
      "interestExpense": 2162000,
      "depreciationAndAmortization": 23332000,
      "ebitda": 71437000,
      "ebit": 48105000,
      "nonOperatingIncomeExcludingInterest": -634000,
      "operatingIncome": 47471000,
      "totalOtherIncomeExpensesNet": -2162000,
      "incomeBeforeTax": 45309000,
      "incomeTaxExpense": 2634000,
      "netIncomeFromContinuingOperations": 42675000,
      "netIncomeFromDiscontinuedOperations": 0,
      "otherAdjustmentsToNetIncome": 0,
      "netIncome": 42675000,
      "netIncomeDeductions": 0,
      "bottomLineNetIncome": 42675000,
      "eps": 0.88,
      "epsDiluted": 0.87,
      "weightedAverageShsOut": 48492000,
      "weightedAverageShsOutDil": 49085000
    },
    {
      "date": "2023-04-04",
      "symbol": "CAKE",
      "reportedCurrency": "USD",
      "cik": "0000887596",
      "filingDate": "2023-05-10",
      "acceptedDate": "2023-05-10 17:01:01",
      "fiscalYear": "2023",
      "period": "Q1",
      "revenue": 866114000,
      "costOfRevenue": 517752000,
      "grossProfit": 348362000,
      "researchAndDevelopmentExpenses": 0,
      "generalAndAdministrativeExpenses": 54069000,
      "sellingAndMarketingExpenses": 60740000,
      "sellingGeneralAndAdministrativeExpenses": 114809000,
      "otherExpenses": 199627000,
      "operatingExpenses": 314436000,
      "costAndExpenses": 832188000,
      "netInterestIncome": -1880000,
      "interestIncome": 0,
      "interestExpense": 1880000,
      "depreciationAndAmortization": 22955000,
      "ebitda": 60312000,
      "ebit": 37357000,
      "nonOperatingIncomeExcludingInterest": -3431000,
      "operatingIncome": 33926000,
      "totalOtherIncomeExpensesNet": -1880000,
      "incomeBeforeTax": 32046000,
      "incomeTaxExpense": 3996000,
      "netIncomeFromContinuingOperations": 28050000,
      "netIncomeFromDiscontinuedOperations": 0,
      "otherAdjustmentsToNetIncome": 0,
      "netIncome": 28050000,
      "netIncomeDeductions": 0,
      "bottomLineNetIncome": 28050000,
      "eps": 0.56,
      "epsDiluted": 0.56,
      "weightedAverageShsOut": 50089285,
      "weightedAverageShsOutDil": 49778000
    },
    {
      "date": "2023-01-03",
      "symbol": "CAKE",
      "reportedCurrency": "USD",
      "cik": "0000887596",
      "filingDate": "2023-02-27",
      "acceptedDate": "2023-02-27 17:01:33",
      "fiscalYear": "2022",
      "period": "Q4",
      "revenue": 892802000,
      "costOfRevenue": 539098000,
      "grossProfit": 353704000,
      "researchAndDevelopmentExpenses": 0,
      "generalAndAdministrativeExpenses": 56115000,
      "sellingAndMarketingExpenses": 0,
      "sellingGeneralAndAdministrativeExpenses": 56115000,
      "otherExpenses": 271190000,
      "operatingExpenses": 327305000,
      "costAndExpenses": 866403000,
      "netInterestIncome": -2137000,
      "interestIncome": 0,
      "interestExpense": 2137000,
      "depreciationAndAmortization": 25616000,
      "ebitda": 10493000,
      "ebit": 26399000,
      "nonOperatingIncomeExcludingInterest": -41522000,
      "operatingIncome": 26399000,
      "totalOtherIncomeExpensesNet": -2137000,
      "incomeBeforeTax": -17260000,
      "incomeTaxExpense": -13962000,
      "netIncomeFromContinuingOperations": -3298000,
      "netIncomeFromDiscontinuedOperations": 0,
      "otherAdjustmentsToNetIncome": 0,
      "netIncome": -3298000,
      "netIncomeDeductions": 0,
      "bottomLineNetIncome": -3298000,
      "eps": -0.0674,
      "epsDiluted": -0.0674,
      "weightedAverageShsOut": 48951000,
      "weightedAverageShsOutDil": 48951000
    },
    {
      "date": "2022-09-27",
      "symbol": "CAKE",
      "reportedCurrency": "USD",
      "cik": "0000887596",
      "filingDate": "2022-11-02",
      "acceptedDate": "2022-11-02 17:01:01",
      "fiscalYear": "2022",
      "period": "Q3",
      "revenue": 784001000,
      "costOfRevenue": 730474000,
      "grossProfit": 53527000,
      "researchAndDevelopmentExpenses": 0,
      "generalAndAdministrativeExpenses": 50324000,
      "sellingAndMarketingExpenses": 0,
      "sellingGeneralAndAdministrativeExpenses": 50324000,
      "otherExpenses": 0,
      "operatingExpenses": 50324000,
      "costAndExpenses": 780798000,
      "netInterestIncome": -1315000,
      "interestIncome": 0,
      "interestExpense": 1315000,
      "depreciationAndAmortization": 22651000,
      "ebitda": 20446000,
      "ebit": -2205000,
      "nonOperatingIncomeExcludingInterest": 0,
      "operatingIncome": 3203000,
      "totalOtherIncomeExpensesNet": -1315000,
      "incomeBeforeTax": -3520000,
      "incomeTaxExpense": -1122000,
      "netIncomeFromContinuingOperations": -2398000,
      "netIncomeFromDiscontinuedOperations": 0,
      "otherAdjustmentsToNetIncome": 0,
      "netIncome": -2398000,
      "netIncomeDeductions": 0,
      "bottomLineNetIncome": -2398000,
      "eps": -0.0483,
      "epsDiluted": -0.0483,
      "weightedAverageShsOut": 49653000,
      "weightedAverageShsOutDil": 49653000
    },
    {
      "date": "2022-06-28",
      "symbol": "CAKE",
      "reportedCurrency": "USD",
      "cik": "0000887596",
      "filingDate": "2022-08-01",
      "acceptedDate": "2022-08-01 17:01:32",
      "fiscalYear": "2022",
      "period": "Q2",
      "revenue": 832643000,
      "costOfRevenue": 750509000,
      "grossProfit": 82134000,
      "researchAndDevelopmentExpenses": 0,
      "generalAndAdministrativeExpenses": 50191000,
      "sellingAndMarketingExpenses": 0,
      "sellingGeneralAndAdministrativeExpenses": 50191000,
      "otherExpenses": 0,
      "operatingExpenses": 50191000,
      "costAndExpenses": 800700000,
      "netInterestIncome": -1130000,
      "interestIncome": 0,
      "interestExpense": 1130000,
      "depreciationAndAmortization": 22608000,
      "ebitda": 54551000,
      "ebit": 28996000,
      "nonOperatingIncomeExcludingInterest": -1054000,
      "operatingIncome": 31943000,
      "totalOtherIncomeExpensesNet": -1130000,
      "incomeBeforeTax": 26812000,
      "incomeTaxExpense": 1156000,
      "netIncomeFromContinuingOperations": 25656000,
      "netIncomeFromDiscontinuedOperations": 0,
      "otherAdjustmentsToNetIncome": 0,
      "netIncome": 25656000,
      "netIncomeDeductions": 0,
      "bottomLineNetIncome": 25656000,
      "eps": 0.51,
      "epsDiluted": 0.5,
      "weightedAverageShsOut": 50387000,
      "weightedAverageShsOutDil": 50929000
    },
    {
      "date": "2022-03-29",
      "symbol": "CAKE",
      "reportedCurrency": "USD",
      "cik": "0000887596",
      "filingDate": "2022-05-02",
      "acceptedDate": "2022-05-02 17:00:37",
      "fiscalYear": "2022",
      "period": "Q1",
      "revenue": 793710000,
      "costOfRevenue": 484264000,
      "grossProfit": 309446000,
      "researchAndDevelopmentExpenses": 0,
      "generalAndAdministrativeExpenses": 49123000,
      "sellingAndMarketingExpenses": 0,
      "sellingGeneralAndAdministrativeExpenses": 49123000,
      "otherExpenses": 230904000,
      "operatingExpenses": 280027000,
      "costAndExpenses": 764291000,
      "netInterestIncome": -1461000,
      "interestIncome": 0,
      "interestExpense": 1461000,
      "depreciationAndAmortization": 21505000,
      "ebitda": 50924000,
      "ebit": 29419000,
      "nonOperatingIncomeExcludingInterest": -1098000,
      "operatingIncome": 28321000,
      "totalOtherIncomeExpensesNet": -1461000,
      "incomeBeforeTax": 26860000,
      "incomeTaxExpense": 3697000,
      "netIncomeFromContinuingOperations": 23163000,
      "netIncomeFromDiscontinuedOperations": 0,
      "otherAdjustmentsToNetIncome": 0,
      "netIncome": 23163000,
      "netIncomeDeductions": 0,
      "bottomLineNetIncome": 23163000,
      "eps": 0.46,
      "epsDiluted": 0.45,
      "weightedAverageShsOut": 50333000,
      "weightedAverageShsOutDil": 51013000
    },
    {
      "date": "2021-12-28",
      "symbol": "CAKE",
      "reportedCurrency": "USD",
      "cik": "0000887596",
      "filingDate": "2022-02-22",
      "acceptedDate": "2022-02-22 17:02:44",
      "fiscalYear": "2021",
      "period": "Q4",
      "revenue": 776693000,
      "costOfRevenue": 467023000,
      "grossProfit": 309670000,
      "researchAndDevelopmentExpenses": 0,
      "generalAndAdministrativeExpenses": 47679000,
      "sellingAndMarketingExpenses": 0,
      "sellingGeneralAndAdministrativeExpenses": 47679000,
      "otherExpenses": 236549000,
      "operatingExpenses": 284228000,
      "costAndExpenses": 751251000,
      "netInterestIncome": -1504000,
      "interestIncome": 0,
      "interestExpense": 1504000,
      "depreciationAndAmortization": 22849000,
      "ebitda": 23828000,
      "ebit": 979000,
      "nonOperatingIncomeExcludingInterest": 0,
      "operatingIncome": 979000,
      "totalOtherIncomeExpensesNet": -1504000,
      "incomeBeforeTax": -525000,
      "incomeTaxExpense": -2635000,
      "netIncomeFromContinuingOperations": 2110000,
      "netIncomeFromDiscontinuedOperations": 0,
      "otherAdjustmentsToNetIncome": 0,
      "netIncome": 2110000,
      "netIncomeDeductions": 0,
      "bottomLineNetIncome": 2110000,
      "eps": 0.04,
      "epsDiluted": 0.04,
      "weightedAverageShsOut": 50243000,
      "weightedAverageShsOutDil": 51053000
    },
    {
      "date": "2021-09-28",
      "symbol": "CAKE",
      "reportedCurrency": "USD",
      "cik": "0000887596",
      "filingDate": "2021-11-04",
      "acceptedDate": "2021-11-04 17:00:55",
      "fiscalYear": "2021",
      "period": "Q3",
      "revenue": 754474000,
      "costOfRevenue": 449375000,
      "grossProfit": 305099000,
      "researchAndDevelopmentExpenses": 0,
      "generalAndAdministrativeExpenses": 45802000,
      "sellingAndMarketingExpenses": 0,
      "sellingGeneralAndAdministrativeExpenses": 45802000,
      "otherExpenses": 227235000,
      "operatingExpenses": 273037000,
      "costAndExpenses": 722412000,
      "netInterestIncome": -1794000,
      "interestIncome": 0,
      "interestExpense": 1794000,
      "depreciationAndAmortization": 22576000,
      "ebitda": 53953000,
      "ebit": 31377000,
      "nonOperatingIncomeExcludingInterest": 0,
      "operatingIncome": 31377000,
      "totalOtherIncomeExpensesNet": -1794000,
      "incomeBeforeTax": 29583000,
      "incomeTaxExpense": -3097000,
      "netIncomeFromContinuingOperations": 32680000,
      "netIncomeFromDiscontinuedOperations": 0,
      "otherAdjustmentsToNetIncome": 0,
      "netIncome": 32680000,
      "netIncomeDeductions": 0,
      "bottomLineNetIncome": 32680000,
      "eps": 0.65,
      "epsDiluted": 0.64,
      "weightedAverageShsOut": 50212000,
      "weightedAverageShsOutDil": 51113000
    },
    {
      "date": "2021-06-29",
      "symbol": "CAKE",
      "reportedCurrency": "USD",
      "cik": "0000887596",
      "filingDate": "2021-08-04",
      "acceptedDate": "2021-08-04 17:01:27",
      "fiscalYear": "2021",
      "period": "Q2",
      "revenue": 768956000,
      "costOfRevenue": 443756000,
      "grossProfit": 325200000,
      "researchAndDevelopmentExpenses": 0,
      "generalAndAdministrativeExpenses": 48228000,
      "sellingAndMarketingExpenses": 0,
      "sellingGeneralAndAdministrativeExpenses": 48228000,
      "otherExpenses": 224497000,
      "operatingExpenses": 272725000,
      "costAndExpenses": 716481000,
      "netInterestIncome": -4706000,
      "interestIncome": 0,
      "interestExpense": 4706000,
      "depreciationAndAmortization": 22223000,
      "ebitda": 74698000,
      "ebit": 52475000,
      "nonOperatingIncomeExcludingInterest": -11357000,
      "operatingIncome": 41118000,
      "totalOtherIncomeExpensesNet": -4706000,
      "incomeBeforeTax": 36412000,
      "incomeTaxExpense": 2697000,
      "netIncomeFromContinuingOperations": 33715000,
      "netIncomeFromDiscontinuedOperations": 0,
      "otherAdjustmentsToNetIncome": 0,
      "netIncome": 33715000,
      "netIncomeDeductions": -73000,
      "bottomLineNetIncome": 17146000,
      "eps": 0.38,
      "epsDiluted": 0.37,
      "weightedAverageShsOut": 45471000,
      "weightedAverageShsOutDil": 46777000
    },
    {
      "date": "2021-03-30",
      "symbol": "CAKE",
      "reportedCurrency": "USD",
      "cik": "0000887596",
      "filingDate": "2021-05-03",
      "acceptedDate": "2021-05-03 17:00:38",
      "fiscalYear": "2021",
      "period": "Q1",
      "revenue": 627417000,
      "costOfRevenue": 365607000,
      "grossProfit": 261810000,
      "researchAndDevelopmentExpenses": 0,
      "generalAndAdministrativeExpenses": 44427000,
      "sellingAndMarketingExpenses": 0,
      "sellingGeneralAndAdministrativeExpenses": 44427000,
      "otherExpenses": 207395000,
      "operatingExpenses": 251822000,
      "costAndExpenses": 617429000,
      "netInterestIncome": -2694000,
      "interestIncome": 0,
      "interestExpense": 2694000,
      "depreciationAndAmortization": 22006000,
      "ebitda": 31994000,
      "ebit": 9988000,
      "nonOperatingIncomeExcludingInterest": -1144000,
      "operatingIncome": 8844000,
      "totalOtherIncomeExpensesNet": -2694000,
      "incomeBeforeTax": 6150000,
      "incomeTaxExpense": 2282000,
      "netIncomeFromContinuingOperations": 3868000,
      "netIncomeFromDiscontinuedOperations": 0,
      "otherAdjustmentsToNetIncome": 0,
      "netIncome": 3868000,
      "netIncomeDeductions": 0,
      "bottomLineNetIncome": -1202000,
      "eps": -0.03,
      "epsDiluted": -0.03,
      "weightedAverageShsOut": 44189000,
      "weightedAverageShsOutDil": 44189000
    },
    {
      "date": "2020-12-29",
      "symbol": "CAKE",
      "reportedCurrency": "USD",
      "cik": "0000887596",
      "filingDate": "2021-02-24",
      "acceptedDate": "2021-02-24 17:01:52",
      "fiscalYear": "2020",
      "period": "Q4",
      "revenue": 554552000,
      "costOfRevenue": 345321000,
      "grossProfit": 209231000,
      "researchAndDevelopmentExpenses": 0,
      "generalAndAdministrativeExpenses": 40177000,
      "sellingAndMarketingExpenses": 0,
      "sellingGeneralAndAdministrativeExpenses": 40177000,
      "otherExpenses": 192787000,
      "operatingExpenses": 232964000,
      "costAndExpenses": 578285000,
      "netInterestIncome": -1580000,
      "interestIncome": 0,
      "interestExpense": 1580000,
      "depreciationAndAmortization": 22612000,
      "ebitda": -16199000,
      "ebit": -38811000,
      "nonOperatingIncomeExcludingInterest": 0,
      "operatingIncome": -38811000,
      "totalOtherIncomeExpensesNet": -1580000,
      "incomeBeforeTax": -40391000,
      "incomeTaxExpense": -8074000,
      "netIncomeFromContinuingOperations": -32317000,
      "netIncomeFromDiscontinuedOperations": 0,
      "otherAdjustmentsToNetIncome": 0,
      "netIncome": -32317000,
      "netIncomeDeductions": 0,
      "bottomLineNetIncome": -37270000,
      "eps": -0.74,
      "epsDiluted": -0.74,
      "weightedAverageShsOut": 43777632,
      "weightedAverageShsOutDil": 43928000
    },
    {
      "date": "2020-09-29",
      "symbol": "CAKE",
      "reportedCurrency": "USD",
      "cik": "0000887596",
      "filingDate": "2020-11-06",
      "acceptedDate": "2020-11-06 17:01:05",
      "fiscalYear": "2020",
      "period": "Q3",
      "revenue": 517716000,
      "costOfRevenue": 318759000,
      "grossProfit": 198957000,
      "researchAndDevelopmentExpenses": 0,
      "generalAndAdministrativeExpenses": 37795000,
      "sellingAndMarketingExpenses": 0,
      "sellingGeneralAndAdministrativeExpenses": 37795000,
      "otherExpenses": 184140000,
      "operatingExpenses": 221935000,
      "costAndExpenses": 540694000,
      "netInterestIncome": -2935000,
      "interestIncome": 0,
      "interestExpense": 2935000,
      "depreciationAndAmortization": 22651000,
      "ebitda": -12207000,
      "ebit": -34858000,
      "nonOperatingIncomeExcludingInterest": 0,
      "operatingIncome": -34858000,
      "totalOtherIncomeExpensesNet": -2935000,
      "incomeBeforeTax": -37793000,
      "incomeTaxExpense": -9447000,
      "netIncomeFromContinuingOperations": -28346000,
      "netIncomeFromDiscontinuedOperations": 0,
      "otherAdjustmentsToNetIncome": 0,
      "netIncome": -28346000,
      "netIncomeDeductions": 0,
      "bottomLineNetIncome": -33184000,
      "eps": -0.65,
      "epsDiluted": -0.65,
      "weightedAverageShsOut": 43663156,
      "weightedAverageShsOutDil": 43900000
    },
    {
      "date": "2020-06-30",
      "symbol": "CAKE",
      "reportedCurrency": "USD",
      "cik": "0000887596",
      "filingDate": "2020-08-03",
      "acceptedDate": "2020-08-03 17:01:43",
      "fiscalYear": "2020",
      "period": "Q2",
      "revenue": 295851000,
      "costOfRevenue": 194951000,
      "grossProfit": 100900000,
      "researchAndDevelopmentExpenses": 0,
      "generalAndAdministrativeExpenses": 35712000,
      "sellingAndMarketingExpenses": 0,
      "sellingGeneralAndAdministrativeExpenses": 35712000,
      "otherExpenses": 146362000,
      "operatingExpenses": 182074000,
      "costAndExpenses": 377025000,
      "netInterestIncome": -2566000,
      "interestIncome": 0,
      "interestExpense": 2566000,
      "depreciationAndAmortization": 22590000,
      "ebitda": -61120000,
      "ebit": -83710000,
      "nonOperatingIncomeExcludingInterest": 0,
      "operatingIncome": -83710000,
      "totalOtherIncomeExpensesNet": -2566000,
      "incomeBeforeTax": -86276000,
      "incomeTaxExpense": -29737000,
      "netIncomeFromContinuingOperations": -56539000,
      "netIncomeFromDiscontinuedOperations": 0,
      "otherAdjustmentsToNetIncome": 0,
      "netIncome": -56539000,
      "netIncomeDeductions": 0,
      "bottomLineNetIncome": -70490000,
      "eps": -1.29,
      "epsDiluted": -1.29,
      "weightedAverageShsOut": 43782608,
      "weightedAverageShsOutDil": 43874000
    },
    {
      "date": "2020-03-31",
      "symbol": "CAKE",
      "reportedCurrency": "USD",
      "cik": "0000887596",
      "filingDate": "2020-06-22",
      "acceptedDate": "2020-06-22 16:21:33",
      "fiscalYear": "2020",
      "period": "Q1",
      "revenue": 615106000,
      "costOfRevenue": 378552000,
      "grossProfit": 236554000,
      "researchAndDevelopmentExpenses": 0,
      "generalAndAdministrativeExpenses": 43960000,
      "sellingAndMarketingExpenses": 0,
      "sellingGeneralAndAdministrativeExpenses": 43960000,
      "otherExpenses": 194651000,
      "operatingExpenses": 238612000,
      "costAndExpenses": 617164000,
      "netInterestIncome": -1518000,
      "interestIncome": 0,
      "interestExpense": 1518000,
      "depreciationAndAmortization": 23562000,
      "ebitda": -166496000,
      "ebit": -190058000,
      "nonOperatingIncomeExcludingInterest": 0,
      "operatingIncome": -5566000,
      "totalOtherIncomeExpensesNet": -1518000,
      "incomeBeforeTax": -7084000,
      "incomeTaxExpense": -3151000,
      "netIncomeFromContinuingOperations": -136163000,
      "netIncomeFromDiscontinuedOperations": 0,
      "otherAdjustmentsToNetIncome": 0,
      "netIncome": -3933000,
      "netIncomeDeductions": 0,
      "bottomLineNetIncome": -136163000,
      "eps": -0.0898,
      "epsDiluted": -0.0898,
      "weightedAverageShsOut": 43773000,
      "weightedAverageShsOutDil": 43773000
    },
    {
      "date": "2019-12-31",
      "symbol": "CAKE",
      "reportedCurrency": "USD",
      "cik": "0000887596",
      "filingDate": "2020-03-12",
      "acceptedDate": "2020-03-11 17:47:04",
      "fiscalYear": "2019",
      "period": "Q4",
      "revenue": 694030000,
      "costOfRevenue": 409053000,
      "grossProfit": 284977000,
      "researchAndDevelopmentExpenses": 0,
      "generalAndAdministrativeExpenses": 47273000,
      "sellingAndMarketingExpenses": 0,
      "sellingGeneralAndAdministrativeExpenses": 47273000,
      "otherExpenses": 209957000,
      "operatingExpenses": 257230000,
      "costAndExpenses": 666283000,
      "netInterestIncome": -2480000,
      "interestIncome": 0,
      "interestExpense": 2480000,
      "depreciationAndAmortization": 23770000,
      "ebitda": 61005000,
      "ebit": 37235000,
      "nonOperatingIncomeExcludingInterest": -30848000,
      "operatingIncome": 6387000,
      "totalOtherIncomeExpensesNet": 50192000,
      "incomeBeforeTax": 56579000,
      "incomeTaxExpense": 7870000,
      "netIncomeFromContinuingOperations": 48709000,
      "netIncomeFromDiscontinuedOperations": 0,
      "otherAdjustmentsToNetIncome": 0,
      "netIncome": 48709000,
      "netIncomeDeductions": 0,
      "bottomLineNetIncome": 48709000,
      "eps": 1.11,
      "epsDiluted": 1.1,
      "weightedAverageShsOut": 43694000,
      "weightedAverageShsOutDil": 44249000
    },
    {
      "date": "2019-10-01",
      "symbol": "CAKE",
      "reportedCurrency": "USD",
      "cik": "0000887596",
      "filingDate": "2019-11-08",
      "acceptedDate": "2019-11-08 17:02:00",
      "fiscalYear": "2019",
      "period": "Q3",
      "revenue": 586536000,
      "costOfRevenue": 346541000,
      "grossProfit": 239995000,
      "researchAndDevelopmentExpenses": 0,
      "generalAndAdministrativeExpenses": 39746000,
      "sellingAndMarketingExpenses": 0,
      "sellingGeneralAndAdministrativeExpenses": 39746000,
      "otherExpenses": 173285000,
      "operatingExpenses": 213031000,
      "costAndExpenses": 559572000,
      "netInterestIncome": 6000,
      "interestIncome": 0,
      "interestExpense": 6000,
      "depreciationAndAmortization": 21342000,
      "ebitda": 51496000,
      "ebit": 32700000,
      "nonOperatingIncomeExcludingInterest": -5736000,
      "operatingIncome": 26964000,
      "totalOtherIncomeExpensesNet": -10339000,
      "incomeBeforeTax": 16625000,
      "incomeTaxExpense": 535000,
      "netIncomeFromContinuingOperations": 16090000,
      "netIncomeFromDiscontinuedOperations": 0,
      "otherAdjustmentsToNetIncome": 0,
      "netIncome": 16090000,
      "netIncomeDeductions": 0,
      "bottomLineNetIncome": 16090000,
      "eps": 0.37,
      "epsDiluted": 0.36,
      "weightedAverageShsOut": 43682000,
      "weightedAverageShsOutDil": 44186000
    },
    {
      "date": "2019-07-02",
      "symbol": "CAKE",
      "reportedCurrency": "USD",
      "cik": "0000887596",
      "filingDate": "2019-08-05",
      "acceptedDate": "2019-08-05 17:02:05",
      "fiscalYear": "2019",
      "period": "Q2",
      "revenue": 602645000,
      "costOfRevenue": 352359000,
      "grossProfit": 250286000,
      "researchAndDevelopmentExpenses": 0,
      "generalAndAdministrativeExpenses": 37247000,
      "sellingAndMarketingExpenses": 0,
      "sellingGeneralAndAdministrativeExpenses": 37247000,
      "otherExpenses": 172940000,
      "operatingExpenses": 210187000,
      "costAndExpenses": 562546000,
      "netInterestIncome": -25000,
      "interestIncome": 0,
      "interestExpense": 25000,
      "depreciationAndAmortization": 21659000,
      "ebitda": 61758000,
      "ebit": 40099000,
      "nonOperatingIncomeExcludingInterest": 0,
      "operatingIncome": 40099000,
      "totalOtherIncomeExpensesNet": -1669000,
      "incomeBeforeTax": 38430000,
      "incomeTaxExpense": 2920000,
      "netIncomeFromContinuingOperations": 35510000,
      "netIncomeFromDiscontinuedOperations": 0,
      "otherAdjustmentsToNetIncome": 0,
      "netIncome": 35510000,
      "netIncomeDeductions": 0,
      "bottomLineNetIncome": 35510000,
      "eps": 0.8,
      "epsDiluted": 0.79,
      "weightedAverageShsOut": 44165000,
      "weightedAverageShsOutDil": 44786000
    },
    {
      "date": "2019-04-02",
      "symbol": "CAKE",
      "reportedCurrency": "USD",
      "cik": "0000887596",
      "filingDate": "2019-05-06",
      "acceptedDate": "2019-05-06 17:01:19",
      "fiscalYear": "2019",
      "period": "Q1",
      "revenue": 599481000,
      "costOfRevenue": 353497000,
      "grossProfit": 245984000,
      "researchAndDevelopmentExpenses": 0,
      "generalAndAdministrativeExpenses": 39123000,
      "sellingAndMarketingExpenses": 0,
      "sellingGeneralAndAdministrativeExpenses": 39123000,
      "otherExpenses": 176713000,
      "operatingExpenses": 215836000,
      "costAndExpenses": 569333000,
      "netInterestIncome": 2000,
      "interestIncome": 0,
      "interestExpense": 1448000,
      "depreciationAndAmortization": 21362000,
      "ebitda": 51510000,
      "ebit": 32278000,
      "nonOperatingIncomeExcludingInterest": -2130000,
      "operatingIncome": 30148000,
      "totalOtherIncomeExpensesNet": -1448000,
      "incomeBeforeTax": 28700000,
      "incomeTaxExpense": 1716000,
      "netIncomeFromContinuingOperations": 26984000,
      "netIncomeFromDiscontinuedOperations": 0,
      "otherAdjustmentsToNetIncome": 0,
      "netIncome": 26984000,
      "netIncomeDeductions": 0,
      "bottomLineNetIncome": 26984000,
      "eps": 0.61,
      "epsDiluted": 0.6,
      "weightedAverageShsOut": 44255000,
      "weightedAverageShsOutDil": 44984000
    },
    {
      "date": "2019-01-01",
      "symbol": "CAKE",
      "reportedCurrency": "USD",
      "cik": "0000887596",
      "filingDate": "2019-03-04",
      "acceptedDate": "2019-03-04 17:01:45",
      "fiscalYear": "2018",
      "period": "Q4",
      "revenue": 585155000,
      "costOfRevenue": 344523000,
      "grossProfit": 240632000,
      "researchAndDevelopmentExpenses": 0,
      "generalAndAdministrativeExpenses": 36604000,
      "sellingAndMarketingExpenses": 0,
      "sellingGeneralAndAdministrativeExpenses": 36604000,
      "otherExpenses": 159813000,
      "operatingExpenses": 206258000,
      "costAndExpenses": 550781000,
      "netInterestIncome": 921000,
      "interestIncome": 0,
      "interestExpense": 921000,
      "depreciationAndAmortization": 24157000,
      "ebitda": 44783000,
      "ebit": 39513000,
      "nonOperatingIncomeExcludingInterest": -20154000,
      "operatingIncome": 19359000,
      "totalOtherIncomeExpensesNet": -3833000,
      "incomeBeforeTax": 15526000,
      "incomeTaxExpense": -652000,
      "netIncomeFromContinuingOperations": 16178000,
      "netIncomeFromDiscontinuedOperations": 0,
      "otherAdjustmentsToNetIncome": 0,
      "netIncome": 16178000,
      "netIncomeDeductions": 0,
      "bottomLineNetIncome": 16178000,
      "eps": 0.36,
      "epsDiluted": 0.35,
      "weightedAverageShsOut": 44796000,
      "weightedAverageShsOutDil": 45669000
    },
    {
      "date": "2018-10-02",
      "symbol": "CAKE",
      "reportedCurrency": "USD",
      "cik": "0000887596",
      "filingDate": "2018-11-09",
      "acceptedDate": "2018-11-09 17:01:36",
      "fiscalYear": "2018",
      "period": "Q3",
      "revenue": 580882000,
      "costOfRevenue": 338135000,
      "grossProfit": 242747000,
      "researchAndDevelopmentExpenses": 0,
      "generalAndAdministrativeExpenses": 37469000,
      "sellingAndMarketingExpenses": 0,
      "sellingGeneralAndAdministrativeExpenses": 37469000,
      "otherExpenses": 171520000,
      "operatingExpenses": 208989000,
      "costAndExpenses": 547124000,
      "netInterestIncome": -1732000,
      "interestIncome": 0,
      "interestExpense": 0,
      "depreciationAndAmortization": 24090000,
      "ebitda": 57848000,
      "ebit": 37009000,
      "nonOperatingIncomeExcludingInterest": -3514000,
      "operatingIncome": 33495000,
      "totalOtherIncomeExpensesNet": -3290000,
      "incomeBeforeTax": 30205000,
      "incomeTaxExpense": 1730000,
      "netIncomeFromContinuingOperations": 28475000,
      "netIncomeFromDiscontinuedOperations": 0,
      "otherAdjustmentsToNetIncome": 0,
      "netIncome": 28475000,
      "netIncomeDeductions": 0,
      "bottomLineNetIncome": 28475000,
      "eps": 0.63,
      "epsDiluted": 0.61,
      "weightedAverageShsOut": 45321000,
      "weightedAverageShsOutDil": 46403000
    },
    {
      "date": "2018-07-03",
      "symbol": "CAKE",
      "reportedCurrency": "USD",
      "cik": "0000887596",
      "filingDate": "2018-08-06",
      "acceptedDate": "2018-08-06 17:01:39",
      "fiscalYear": "2018",
      "period": "Q2",
      "revenue": 593178000,
      "costOfRevenue": 345657000,
      "grossProfit": 247521000,
      "researchAndDevelopmentExpenses": 0,
      "generalAndAdministrativeExpenses": 41423000,
      "sellingAndMarketingExpenses": 0,
      "sellingGeneralAndAdministrativeExpenses": 41423000,
      "otherExpenses": 168972000,
      "operatingExpenses": 210395000,
      "costAndExpenses": 556052000,
      "netInterestIncome": 0,
      "interestIncome": 0,
      "interestExpense": 0,
      "depreciationAndAmortization": 23727000,
      "ebitda": 60853000,
      "ebit": 38575000,
      "nonOperatingIncomeExcludingInterest": -4032000,
      "operatingIncome": 34543000,
      "totalOtherIncomeExpensesNet": -2908000,
      "incomeBeforeTax": 31635000,
      "incomeTaxExpense": 3282000,
      "netIncomeFromContinuingOperations": 28353000,
      "netIncomeFromDiscontinuedOperations": 0,
      "otherAdjustmentsToNetIncome": 0,
      "netIncome": 28353000,
      "netIncomeDeductions": 0,
      "bottomLineNetIncome": 28353000,
      "eps": 0.62,
      "epsDiluted": 0.61,
      "weightedAverageShsOut": 45383000,
      "weightedAverageShsOutDil": 46570000
    },
    {
      "date": "2018-04-03",
      "symbol": "CAKE",
      "reportedCurrency": "USD",
      "cik": "0000887596",
      "filingDate": "2018-05-11",
      "acceptedDate": "2018-05-11 09:16:20",
      "fiscalYear": "2018",
      "period": "Q1",
      "revenue": 590691000,
      "costOfRevenue": 346433000,
      "grossProfit": 244258000,
      "researchAndDevelopmentExpenses": 0,
      "generalAndAdministrativeExpenses": 39274000,
      "sellingAndMarketingExpenses": 0,
      "sellingGeneralAndAdministrativeExpenses": 39274000,
      "otherExpenses": 173433000,
      "operatingExpenses": 212707000,
      "costAndExpenses": 559140000,
      "netInterestIncome": -1417000,
      "interestIncome": 89000,
      "interestExpense": 1506000,
      "depreciationAndAmortization": 24002000,
      "ebitda": 55553000,
      "ebit": 32650000,
      "nonOperatingIncomeExcludingInterest": -1099000,
      "operatingIncome": 31551000,
      "totalOtherIncomeExpensesNet": -1506000,
      "incomeBeforeTax": 30045000,
      "incomeTaxExpense": 4016000,
      "netIncomeFromContinuingOperations": 26029000,
      "netIncomeFromDiscontinuedOperations": 0,
      "otherAdjustmentsToNetIncome": 0,
      "netIncome": 26029000,
      "netIncomeDeductions": 0,
      "bottomLineNetIncome": 26029000,
      "eps": 0.57,
      "epsDiluted": 0.56,
      "weightedAverageShsOut": 45552000,
      "weightedAverageShsOutDil": 46574000
    },
    {
      "date": "2018-01-02",
      "symbol": "CAKE",
      "reportedCurrency": "USD",
      "cik": "0000887596",
      "filingDate": "2018-02-28",
      "acceptedDate": "2018-02-28 17:02:08",
      "fiscalYear": "2017",
      "period": "Q4",
      "revenue": 571815000,
      "costOfRevenue": 331246000,
      "grossProfit": 240569000,
      "researchAndDevelopmentExpenses": 0,
      "generalAndAdministrativeExpenses": 34587000,
      "sellingAndMarketingExpenses": 0,
      "sellingGeneralAndAdministrativeExpenses": 34587000,
      "otherExpenses": 172123000,
      "operatingExpenses": 206710000,
      "costAndExpenses": 537956000,
      "netInterestIncome": -1953000,
      "interestIncome": 0,
      "interestExpense": 1953000,
      "depreciationAndAmortization": 23237000,
      "ebitda": 47984000,
      "ebit": 41488000,
      "nonOperatingIncomeExcludingInterest": -16741000,
      "operatingIncome": 24747000,
      "totalOtherIncomeExpensesNet": -1953000,
      "incomeBeforeTax": 22794000,
      "incomeTaxExpense": -34944000,
      "netIncomeFromContinuingOperations": 57738000,
      "netIncomeFromDiscontinuedOperations": 0,
      "otherAdjustmentsToNetIncome": 0,
      "netIncome": 57738000,
      "netIncomeDeductions": 0,
      "bottomLineNetIncome": 57738000,
      "eps": 1.26,
      "epsDiluted": 1.24,
      "weightedAverageShsOut": 45751000,
      "weightedAverageShsOutDil": 46730000
    },
    {
      "date": "2017-10-03",
      "symbol": "CAKE",
      "reportedCurrency": "USD",
      "cik": "0000887596",
      "filingDate": "2017-11-08",
      "acceptedDate": "2017-11-08 17:01:20",
      "fiscalYear": "2017",
      "period": "Q3",
      "revenue": 555392000,
      "costOfRevenue": 320919000,
      "grossProfit": 234473000,
      "researchAndDevelopmentExpenses": 0,
      "generalAndAdministrativeExpenses": 35364000,
      "sellingAndMarketingExpenses": 0,
      "sellingGeneralAndAdministrativeExpenses": 35364000,
      "otherExpenses": 164792000,
      "operatingExpenses": 200156000,
      "costAndExpenses": 521075000,
      "netInterestIncome": -1600000,
      "interestIncome": 0,
      "interestExpense": 1600000,
      "depreciationAndAmortization": 22999000,
      "ebitda": 57316000,
      "ebit": 37687000,
      "nonOperatingIncomeExcludingInterest": -3370000,
      "operatingIncome": 34317000,
      "totalOtherIncomeExpensesNet": -1600000,
      "incomeBeforeTax": 32717000,
      "incomeTaxExpense": 6272000,
      "netIncomeFromContinuingOperations": 26445000,
      "netIncomeFromDiscontinuedOperations": 0,
      "otherAdjustmentsToNetIncome": 0,
      "netIncome": 26445000,
      "netIncomeDeductions": 0,
      "bottomLineNetIncome": 26445000,
      "eps": 0.57,
      "epsDiluted": 0.56,
      "weightedAverageShsOut": 46602000,
      "weightedAverageShsOutDil": 47519000
    },
    {
      "date": "2017-07-04",
      "symbol": "CAKE",
      "reportedCurrency": "USD",
      "cik": "0000887596",
      "filingDate": "2017-08-09",
      "acceptedDate": "2017-08-09 17:02:05",
      "fiscalYear": "2017",
      "period": "Q2",
      "revenue": 569869000,
      "costOfRevenue": 321844000,
      "grossProfit": 248025000,
      "researchAndDevelopmentExpenses": 0,
      "generalAndAdministrativeExpenses": 35295000,
      "sellingAndMarketingExpenses": 0,
      "sellingGeneralAndAdministrativeExpenses": 35295000,
      "otherExpenses": 162067000,
      "operatingExpenses": 197362000,
      "costAndExpenses": 519206000,
      "netInterestIncome": -1570000,
      "interestIncome": 0,
      "interestExpense": 1570000,
      "depreciationAndAmortization": 23297000,
      "ebitda": 73960000,
      "ebit": 51972000,
      "nonOperatingIncomeExcludingInterest": -1754000,
      "operatingIncome": 50218000,
      "totalOtherIncomeExpensesNet": -1570000,
      "incomeBeforeTax": 48648000,
      "incomeTaxExpense": 10482000,
      "netIncomeFromContinuingOperations": 38166000,
      "netIncomeFromDiscontinuedOperations": 0,
      "otherAdjustmentsToNetIncome": 0,
      "netIncome": 38166000,
      "netIncomeDeductions": 0,
      "bottomLineNetIncome": 38166000,
      "eps": 0.8,
      "epsDiluted": 0.78,
      "weightedAverageShsOut": 47732000,
      "weightedAverageShsOutDil": 49047000
    },
    {
      "date": "2017-04-04",
      "symbol": "CAKE",
      "reportedCurrency": "USD",
      "cik": "0000887596",
      "filingDate": "2017-05-11",
      "acceptedDate": "2017-05-11 17:01:33",
      "fiscalYear": "2017",
      "period": "Q1",
      "revenue": 563426000,
      "costOfRevenue": 322974000,
      "grossProfit": 240452000,
      "researchAndDevelopmentExpenses": 0,
      "generalAndAdministrativeExpenses": 36287000,
      "sellingAndMarketingExpenses": 0,
      "sellingGeneralAndAdministrativeExpenses": 36287000,
      "otherExpenses": 159816000,
      "operatingExpenses": 196103000,
      "costAndExpenses": 519077000,
      "netInterestIncome": -1256000,
      "interestIncome": 0,
      "interestExpense": 2828000,
      "depreciationAndAmortization": 23196000,
      "ebitda": 67545000,
      "ebit": 45319000,
      "nonOperatingIncomeExcludingInterest": -1756000,
      "operatingIncome": 43563000,
      "totalOtherIncomeExpensesNet": -1256000,
      "incomeBeforeTax": 42307000,
      "incomeTaxExpense": 7264000,
      "netIncomeFromContinuingOperations": 35043000,
      "netIncomeFromDiscontinuedOperations": 0,
      "otherAdjustmentsToNetIncome": 0,
      "netIncome": 35043000,
      "netIncomeDeductions": 0,
      "bottomLineNetIncome": 35043000,
      "eps": 0.74,
      "epsDiluted": 0.71,
      "weightedAverageShsOut": 47634000,
      "weightedAverageShsOutDil": 49210000
    },
    {
      "date": "2017-01-03",
      "symbol": "CAKE",
      "reportedCurrency": "USD",
      "cik": "0000887596",
      "filingDate": "2017-03-02",
      "acceptedDate": "2017-03-02 08:01:51",
      "fiscalYear": "2016",
      "period": "Q4",
      "revenue": 603146000,
      "costOfRevenue": 342646000,
      "grossProfit": 260500000,
      "researchAndDevelopmentExpenses": 0,
      "generalAndAdministrativeExpenses": 38863000,
      "sellingAndMarketingExpenses": 0,
      "sellingGeneralAndAdministrativeExpenses": 38863000,
      "otherExpenses": 174377000,
      "operatingExpenses": 213240000,
      "costAndExpenses": 555886000,
      "netInterestIncome": -2263000,
      "interestIncome": 0,
      "interestExpense": 2263000,
      "depreciationAndAmortization": 23451000,
      "ebitda": 70711000,
      "ebit": 54235000,
      "nonOperatingIncomeExcludingInterest": -7089000,
      "operatingIncome": 47146000,
      "totalOtherIncomeExpensesNet": -2263000,
      "incomeBeforeTax": 44883000,
      "incomeTaxExpense": 12502000,
      "netIncomeFromContinuingOperations": 32381000,
      "netIncomeFromDiscontinuedOperations": 0,
      "otherAdjustmentsToNetIncome": 0,
      "netIncome": 32381000,
      "netIncomeDeductions": 0,
      "bottomLineNetIncome": 32381000,
      "eps": 0.68,
      "epsDiluted": 0.66,
      "weightedAverageShsOut": 47403000,
      "weightedAverageShsOutDil": 48795000
    },
    {
      "date": "2016-09-27",
      "symbol": "CAKE",
      "reportedCurrency": "USD",
      "cik": "0000887596",
      "filingDate": "2016-11-03",
      "acceptedDate": "2016-11-03 17:01:28",
      "fiscalYear": "2016",
      "period": "Q3",
      "revenue": 560018000,
      "costOfRevenue": 315405000,
      "grossProfit": 244613000,
      "researchAndDevelopmentExpenses": 0,
      "generalAndAdministrativeExpenses": 36057000,
      "sellingAndMarketingExpenses": 0,
      "sellingGeneralAndAdministrativeExpenses": 36057000,
      "otherExpenses": 158493000,
      "operatingExpenses": 194550000,
      "costAndExpenses": 509955000,
      "netInterestIncome": -2477000,
      "interestIncome": 0,
      "interestExpense": 2477000,
      "depreciationAndAmortization": 21634000,
      "ebitda": 71697000,
      "ebit": 52045000,
      "nonOperatingIncomeExcludingInterest": -1982000,
      "operatingIncome": 50063000,
      "totalOtherIncomeExpensesNet": -2477000,
      "incomeBeforeTax": 47586000,
      "incomeTaxExpense": 13012000,
      "netIncomeFromContinuingOperations": 34574000,
      "netIncomeFromDiscontinuedOperations": 0,
      "otherAdjustmentsToNetIncome": 0,
      "netIncome": 34574000,
      "netIncomeDeductions": 0,
      "bottomLineNetIncome": 34574000,
      "eps": 0.72,
      "epsDiluted": 0.7,
      "weightedAverageShsOut": 47815000,
      "weightedAverageShsOutDil": 49212000
    },
    {
      "date": "2016-06-28",
      "symbol": "CAKE",
      "reportedCurrency": "USD",
      "cik": "0000887596",
      "filingDate": "2016-08-04",
      "acceptedDate": "2016-08-04 17:02:05",
      "fiscalYear": "2016",
      "period": "Q2",
      "revenue": 558862000,
      "costOfRevenue": 312144000,
      "grossProfit": 246718000,
      "researchAndDevelopmentExpenses": 0,
      "generalAndAdministrativeExpenses": 35785000,
      "sellingAndMarketingExpenses": 0,
      "sellingGeneralAndAdministrativeExpenses": 35785000,
      "otherExpenses": 155743000,
      "operatingExpenses": 191528000,
      "costAndExpenses": 503672000,
      "netInterestIncome": -2181000,
      "interestIncome": 0,
      "interestExpense": 0,
      "depreciationAndAmortization": 21461000,
      "ebitda": 76651000,
      "ebit": 57492000,
      "nonOperatingIncomeExcludingInterest": -2302000,
      "operatingIncome": 55190000,
      "totalOtherIncomeExpensesNet": -2181000,
      "incomeBeforeTax": 53009000,
      "incomeTaxExpense": 14424000,
      "netIncomeFromContinuingOperations": 38585000,
      "netIncomeFromDiscontinuedOperations": 0,
      "otherAdjustmentsToNetIncome": 0,
      "netIncome": 38585000,
      "netIncomeDeductions": 0,
      "bottomLineNetIncome": 38585000,
      "eps": 0.8,
      "epsDiluted": 0.78,
      "weightedAverageShsOut": 48232000,
      "weightedAverageShsOutDil": 49598000
    },
    {
      "date": "2016-03-29",
      "symbol": "CAKE",
      "reportedCurrency": "USD",
      "cik": "0000887596",
      "filingDate": "2016-05-05",
      "acceptedDate": "2016-05-05 17:01:16",
      "fiscalYear": "2016",
      "period": "Q1",
      "revenue": 553693000,
      "costOfRevenue": 316431000,
      "grossProfit": 237262000,
      "researchAndDevelopmentExpenses": 0,
      "generalAndAdministrativeExpenses": 35337000,
      "sellingAndMarketingExpenses": 0,
      "sellingGeneralAndAdministrativeExpenses": 35337000,
      "otherExpenses": 153331000,
      "operatingExpenses": 188668000,
      "costAndExpenses": 505099000,
      "netInterestIncome": -2304000,
      "interestIncome": 0,
      "interestExpense": 0,
      "depreciationAndAmortization": 21464000,
      "ebitda": 70058000,
      "ebit": 50904000,
      "nonOperatingIncomeExcludingInterest": -2310000,
      "operatingIncome": 48594000,
      "totalOtherIncomeExpensesNet": -2304000,
      "incomeBeforeTax": 46290000,
      "incomeTaxExpense": 12336000,
      "netIncomeFromContinuingOperations": 33954000,
      "netIncomeFromDiscontinuedOperations": 0,
      "otherAdjustmentsToNetIncome": 0,
      "netIncome": 33954000,
      "netIncomeDeductions": 0,
      "bottomLineNetIncome": 33954000,
      "eps": 0.7,
      "epsDiluted": 0.68,
      "weightedAverageShsOut": 48518000,
      "weightedAverageShsOutDil": 50037000
    },
    {
      "date": "2015-12-29",
      "symbol": "CAKE",
      "reportedCurrency": "USD",
      "cik": "0000887596",
      "filingDate": "2016-02-25",
      "acceptedDate": "2016-02-25 17:03:16",
      "fiscalYear": "2015",
      "period": "Q4",
      "revenue": 526841000,
      "costOfRevenue": 298244000,
      "grossProfit": 228597000,
      "researchAndDevelopmentExpenses": 0,
      "generalAndAdministrativeExpenses": 35705000,
      "sellingAndMarketingExpenses": 0,
      "sellingGeneralAndAdministrativeExpenses": 35705000,
      "otherExpenses": 154097000,
      "operatingExpenses": 189802000,
      "costAndExpenses": 488046000,
      "netInterestIncome": -1845000,
      "interestIncome": 0,
      "interestExpense": 0,
      "depreciationAndAmortization": 21911000,
      "ebitda": 60706000,
      "ebit": 45878000,
      "nonOperatingIncomeExcludingInterest": -7083000,
      "operatingIncome": 38795000,
      "totalOtherIncomeExpensesNet": -1845000,
      "incomeBeforeTax": 36950000,
      "incomeTaxExpense": 9750000,
      "netIncomeFromContinuingOperations": 27200000,
      "netIncomeFromDiscontinuedOperations": 0,
      "otherAdjustmentsToNetIncome": 0,
      "netIncome": 27200000,
      "netIncomeDeductions": 0,
      "bottomLineNetIncome": 27200000,
      "eps": 0.56,
      "epsDiluted": 0.54,
      "weightedAverageShsOut": 48808000,
      "weightedAverageShsOutDil": 50470000
    },
    {
      "date": "2015-09-29",
      "symbol": "CAKE",
      "reportedCurrency": "USD",
      "cik": "0000887596",
      "filingDate": "2015-11-05",
      "acceptedDate": "2015-11-05 17:01:02",
      "fiscalYear": "2015",
      "period": "Q3",
      "revenue": 526688000,
      "costOfRevenue": 297706000,
      "grossProfit": 228982000,
      "researchAndDevelopmentExpenses": 0,
      "generalAndAdministrativeExpenses": 33277000,
      "sellingAndMarketingExpenses": 0,
      "sellingGeneralAndAdministrativeExpenses": 33277000,
      "otherExpenses": 154050000,
      "operatingExpenses": 187327000,
      "costAndExpenses": 485033000,
      "netInterestIncome": -722000,
      "interestIncome": 0,
      "interestExpense": 0,
      "depreciationAndAmortization": 21317000,
      "ebitda": 62972000,
      "ebit": 45961000,
      "nonOperatingIncomeExcludingInterest": -10317000,
      "operatingIncome": 35644000,
      "totalOtherIncomeExpensesNet": -722000,
      "incomeBeforeTax": 34922000,
      "incomeTaxExpense": 8746000,
      "netIncomeFromContinuingOperations": 26176000,
      "netIncomeFromDiscontinuedOperations": 0,
      "otherAdjustmentsToNetIncome": 0,
      "netIncome": 26176000,
      "netIncomeDeductions": 0,
      "bottomLineNetIncome": 26176000,
      "eps": 0.54,
      "epsDiluted": 0.52,
      "weightedAverageShsOut": 48848000,
      "weightedAverageShsOutDil": 50637000
    }
  ]
}