{
  "ticker": "CELH",
  "endpoint": "income-statement",
  "fetched_at": "2025-09-05T14:21:13.187645",
  "data": [
    {
      "date": "2025-06-30",
      "symbol": "CELH",
      "reportedCurrency": "USD",
      "cik": "0001341766",
      "filingDate": "2025-08-07",
      "acceptedDate": "2025-08-07 06:02:35",
      "fiscalYear": "2025",
      "period": "Q2",
      "revenue": 739259000,
      "costOfRevenue": 358408000,
      "grossProfit": 380851000,
      "researchAndDevelopmentExpenses": 0,
      "generalAndAdministrativeExpenses": 0,
      "sellingAndMarketingExpenses": 0,
      "sellingGeneralAndAdministrativeExpenses": 237886000,
      "otherExpenses": 0,
      "operatingExpenses": 237886000,
      "costAndExpenses": 596294000,
      "netInterestIncome": -14042000,
      "interestIncome": 4038000,
      "interestExpense": 18080000,
      "depreciationAndAmortization": 9119000,
      "ebitda": 152084000,
      "ebit": 142965000,
      "nonOperatingIncomeExcludingInterest": 0,
      "operatingIncome": 142965000,
      "totalOtherIncomeExpensesNet": -13500000,
      "incomeBeforeTax": 129465000,
      "incomeTaxExpense": 29610000,
      "netIncomeFromContinuingOperations": 99855000,
      "netIncomeFromDiscontinuedOperations": 0,
      "otherAdjustmentsToNetIncome": 0,
      "netIncome": 99855000,
      "netIncomeDeductions": 0,
      "bottomLineNetIncome": 99855000,
      "eps": 0.33,
      "epsDiluted": 0.33,
      "weightedAverageShsOut": 235191000,
      "weightedAverageShsOutDil": 237172000
    },
    {
      "date": "2025-03-31",
      "symbol": "CELH",
      "reportedCurrency": "USD",
      "cik": "0001341766",
      "filingDate": "2025-05-06",
      "acceptedDate": "2025-05-05 20:34:52",
      "fiscalYear": "2025",
      "period": "Q1",
      "revenue": 329276000,
      "costOfRevenue": 156903000,
      "grossProfit": 172373000,
      "researchAndDevelopmentExpenses": 0,
      "generalAndAdministrativeExpenses": 0,
      "sellingAndMarketingExpenses": 0,
      "sellingGeneralAndAdministrativeExpenses": 120342000,
      "otherExpenses": 0,
      "operatingExpenses": 120342000,
      "costAndExpenses": 277245000,
      "netInterestIncome": 7846000,
      "interestIncome": 7846000,
      "interestExpense": 0,
      "depreciationAndAmortization": 2611000,
      "ebitda": 54642000,
      "ebit": 52031000,
      "nonOperatingIncomeExcludingInterest": 0,
      "operatingIncome": 52031000,
      "totalOtherIncomeExpensesNet": 8962000,
      "incomeBeforeTax": 60993000,
      "incomeTaxExpense": 16574000,
      "netIncomeFromContinuingOperations": 44419000,
      "netIncomeFromDiscontinuedOperations": 0,
      "otherAdjustmentsToNetIncome": 0,
      "netIncome": 44419000,
      "netIncomeDeductions": -24000,
      "bottomLineNetIncome": 34443000,
      "eps": 0.15,
      "epsDiluted": 0.15,
      "weightedAverageShsOut": 235191000,
      "weightedAverageShsOutDil": 237172000
    },
    {
      "date": "2024-12-31",
      "symbol": "CELH",
      "reportedCurrency": "USD",
      "cik": "0001341766",
      "filingDate": "2025-03-03",
      "acceptedDate": "2025-03-03 16:02:01",
      "fiscalYear": "2024",
      "period": "Q4",
      "revenue": 332197000,
      "costOfRevenue": 165524000,
      "grossProfit": 166673000,
      "researchAndDevelopmentExpenses": 0,
      "generalAndAdministrativeExpenses": 0,
      "sellingAndMarketingExpenses": 0,
      "sellingGeneralAndAdministrativeExpenses": 185169000,
      "otherExpenses": 0,
      "operatingExpenses": 185169000,
      "costAndExpenses": 350693000,
      "netInterestIncome": 7864000,
      "interestIncome": 7864000,
      "interestExpense": 0,
      "depreciationAndAmortization": 2386000,
      "ebitda": -16110000,
      "ebit": -18496000,
      "nonOperatingIncomeExcludingInterest": 0,
      "operatingIncome": -18496000,
      "totalOtherIncomeExpensesNet": 8279000,
      "incomeBeforeTax": -10217000,
      "incomeTaxExpense": 8659000,
      "netIncomeFromContinuingOperations": -18876000,
      "netIncomeFromDiscontinuedOperations": 0,
      "otherAdjustmentsToNetIncome": 0,
      "netIncome": -18876000,
      "netIncomeDeductions": 0,
      "bottomLineNetIncome": -23548000,
      "eps": -0.14,
      "epsDiluted": -0.13,
      "weightedAverageShsOut": 188760000,
      "weightedAverageShsOutDil": 188760000
    },
    {
      "date": "2024-09-30",
      "symbol": "CELH",
      "reportedCurrency": "USD",
      "cik": "0001341766",
      "filingDate": "2024-11-06",
      "acceptedDate": "2024-11-05 21:22:16",
      "fiscalYear": "2024",
      "period": "Q3",
      "revenue": 265748000,
      "costOfRevenue": 143519000,
      "grossProfit": 122229000,
      "researchAndDevelopmentExpenses": 0,
      "generalAndAdministrativeExpenses": 0,
      "sellingAndMarketingExpenses": 0,
      "sellingGeneralAndAdministrativeExpenses": 125443000,
      "otherExpenses": 0,
      "operatingExpenses": 125443000,
      "costAndExpenses": 268962000,
      "netInterestIncome": 11112000,
      "interestIncome": 11112000,
      "interestExpense": 0,
      "depreciationAndAmortization": 2240000,
      "ebitda": -974000,
      "ebit": -3214000,
      "nonOperatingIncomeExcludingInterest": 0,
      "operatingIncome": -3214000,
      "totalOtherIncomeExpensesNet": 11389000,
      "incomeBeforeTax": 8175000,
      "incomeTaxExpense": 1819000,
      "netIncomeFromContinuingOperations": 6356000,
      "netIncomeFromDiscontinuedOperations": 0,
      "otherAdjustmentsToNetIncome": 0,
      "netIncome": 6356000,
      "netIncomeDeductions": 6913000,
      "bottomLineNetIncome": -557000,
      "eps": -0.0024,
      "epsDiluted": -0.0024,
      "weightedAverageShsOut": 233696000,
      "weightedAverageShsOutDil": 233696000
    },
    {
      "date": "2024-06-30",
      "symbol": "CELH",
      "reportedCurrency": "USD",
      "cik": "0001341766",
      "filingDate": "2024-08-06",
      "acceptedDate": "2024-08-05 19:30:30",
      "fiscalYear": "2024",
      "period": "Q2",
      "revenue": 401977000,
      "costOfRevenue": 192879000,
      "grossProfit": 209098000,
      "researchAndDevelopmentExpenses": 0,
      "generalAndAdministrativeExpenses": 0,
      "sellingAndMarketingExpenses": 0,
      "sellingGeneralAndAdministrativeExpenses": 114850000,
      "otherExpenses": 0,
      "operatingExpenses": 114850000,
      "costAndExpenses": 307729000,
      "netInterestIncome": 10647000,
      "interestIncome": 10647000,
      "interestExpense": 0,
      "depreciationAndAmortization": 1419000,
      "ebitda": 95667000,
      "ebit": 94248000,
      "nonOperatingIncomeExcludingInterest": 0,
      "operatingIncome": 94248000,
      "totalOtherIncomeExpensesNet": 10383000,
      "incomeBeforeTax": 104631000,
      "incomeTaxExpense": 24848000,
      "netIncomeFromContinuingOperations": 79783000,
      "netIncomeFromDiscontinuedOperations": 0,
      "otherAdjustmentsToNetIncome": 0,
      "netIncome": 79783000,
      "netIncomeDeductions": 13019000,
      "bottomLineNetIncome": 66764000,
      "eps": 0.29,
      "epsDiluted": 0.28,
      "weightedAverageShsOut": 233197000,
      "weightedAverageShsOutDil": 237595000
    },
    {
      "date": "2024-03-31",
      "symbol": "CELH",
      "reportedCurrency": "USD",
      "cik": "0001341766",
      "filingDate": "2024-05-07",
      "acceptedDate": "2024-05-06 19:28:22",
      "fiscalYear": "2024",
      "period": "Q1",
      "revenue": 355708000,
      "costOfRevenue": 173501000,
      "grossProfit": 182207000,
      "researchAndDevelopmentExpenses": 0,
      "generalAndAdministrativeExpenses": 0,
      "sellingAndMarketingExpenses": 0,
      "sellingGeneralAndAdministrativeExpenses": 99017000,
      "otherExpenses": 0,
      "operatingExpenses": 99017000,
      "costAndExpenses": 272518000,
      "netInterestIncome": 9640000,
      "interestIncome": 9640000,
      "interestExpense": 0,
      "depreciationAndAmortization": 1229000,
      "ebitda": 84419000,
      "ebit": 83190000,
      "nonOperatingIncomeExcludingInterest": 0,
      "operatingIncome": 83190000,
      "totalOtherIncomeExpensesNet": 9271000,
      "incomeBeforeTax": 92461000,
      "incomeTaxExpense": 14650000,
      "netIncomeFromContinuingOperations": 77811000,
      "netIncomeFromDiscontinuedOperations": 0,
      "otherAdjustmentsToNetIncome": 0,
      "netIncome": 77811000,
      "netIncomeDeductions": 12853000,
      "bottomLineNetIncome": 64958000,
      "eps": 0.28,
      "epsDiluted": 0.27,
      "weightedAverageShsOut": 232780000,
      "weightedAverageShsOutDil": 237523000
    },
    {
      "date": "2023-12-31",
      "symbol": "CELH",
      "reportedCurrency": "USD",
      "cik": "0001341766",
      "filingDate": "2024-02-29",
      "acceptedDate": "2024-02-28 20:59:46",
      "fiscalYear": "2023",
      "period": "Q4",
      "revenue": 347435000,
      "costOfRevenue": 181190000,
      "grossProfit": 166245000,
      "researchAndDevelopmentExpenses": 0,
      "generalAndAdministrativeExpenses": 0,
      "sellingAndMarketingExpenses": 0,
      "sellingGeneralAndAdministrativeExpenses": 107302000,
      "otherExpenses": 0,
      "operatingExpenses": 107302000,
      "costAndExpenses": 288492000,
      "netInterestIncome": 8862000,
      "interestIncome": 8862000,
      "interestExpense": 0,
      "depreciationAndAmortization": 1105000,
      "ebitda": 60048000,
      "ebit": 58943000,
      "nonOperatingIncomeExcludingInterest": 0,
      "operatingIncome": 58943000,
      "totalOtherIncomeExpensesNet": 8842000,
      "incomeBeforeTax": 67785000,
      "incomeTaxExpense": 17669000,
      "netIncomeFromContinuingOperations": 50116000,
      "netIncomeFromDiscontinuedOperations": 0,
      "otherAdjustmentsToNetIncome": 0,
      "netIncome": 50116000,
      "netIncomeDeductions": 10621000,
      "bottomLineNetIncome": 39495000,
      "eps": 0.17,
      "epsDiluted": 0.17,
      "weightedAverageShsOut": 231787482,
      "weightedAverageShsOutDil": 231787482
    },
    {
      "date": "2023-09-30",
      "symbol": "CELH",
      "reportedCurrency": "USD",
      "cik": "0001341766",
      "filingDate": "2023-11-07",
      "acceptedDate": "2023-11-06 19:14:03",
      "fiscalYear": "2023",
      "period": "Q3",
      "revenue": 384757000,
      "costOfRevenue": 190675000,
      "grossProfit": 194082000,
      "researchAndDevelopmentExpenses": 0,
      "generalAndAdministrativeExpenses": 0,
      "sellingAndMarketingExpenses": 0,
      "sellingGeneralAndAdministrativeExpenses": 96385000,
      "otherExpenses": 0,
      "operatingExpenses": 96385000,
      "costAndExpenses": 287060000,
      "netInterestIncome": 7225000,
      "interestIncome": 7225000,
      "interestExpense": 0,
      "depreciationAndAmortization": 874000,
      "ebitda": 98571000,
      "ebit": 97697000,
      "nonOperatingIncomeExcludingInterest": 0,
      "operatingIncome": 97697000,
      "totalOtherIncomeExpensesNet": 7048000,
      "incomeBeforeTax": 104745000,
      "incomeTaxExpense": 20796000,
      "netIncomeFromContinuingOperations": 83949000,
      "netIncomeFromDiscontinuedOperations": 0,
      "otherAdjustmentsToNetIncome": 0,
      "netIncome": 83949000,
      "netIncomeDeductions": 13577000,
      "bottomLineNetIncome": 70372000,
      "eps": 0.3,
      "epsDiluted": 0.3,
      "weightedAverageShsOut": 231006000,
      "weightedAverageShsOutDil": 237273000
    },
    {
      "date": "2023-06-30",
      "symbol": "CELH",
      "reportedCurrency": "USD",
      "cik": "0001341766",
      "filingDate": "2023-08-08",
      "acceptedDate": "2023-08-08 16:07:22",
      "fiscalYear": "2023",
      "period": "Q2",
      "revenue": 325883000,
      "costOfRevenue": 166889000,
      "grossProfit": 158994000,
      "researchAndDevelopmentExpenses": 0,
      "generalAndAdministrativeExpenses": 0,
      "sellingAndMarketingExpenses": 0,
      "sellingGeneralAndAdministrativeExpenses": 94181000,
      "otherExpenses": 0,
      "operatingExpenses": 94181000,
      "costAndExpenses": 261070000,
      "netInterestIncome": 5573000,
      "interestIncome": 5573000,
      "interestExpense": 0,
      "depreciationAndAmortization": 698000,
      "ebitda": 65511000,
      "ebit": 64813000,
      "nonOperatingIncomeExcludingInterest": 0,
      "operatingIncome": 64813000,
      "totalOtherIncomeExpensesNet": 4642000,
      "incomeBeforeTax": 69455000,
      "incomeTaxExpense": 17946000,
      "netIncomeFromContinuingOperations": 51509000,
      "netIncomeFromDiscontinuedOperations": 0,
      "otherAdjustmentsToNetIncome": 0,
      "netIncome": 51509000,
      "netIncomeDeductions": -95000,
      "bottomLineNetIncome": 40858000,
      "eps": 0.18,
      "epsDiluted": 0.17,
      "weightedAverageShsOut": 230535000,
      "weightedAverageShsOutDil": 236832000
    },
    {
      "date": "2023-03-31",
      "symbol": "CELH",
      "reportedCurrency": "USD",
      "cik": "0001341766",
      "filingDate": "2023-05-09",
      "acceptedDate": "2023-05-09 16:22:11",
      "fiscalYear": "2023",
      "period": "Q1",
      "revenue": 259939000,
      "costOfRevenue": 146121000,
      "grossProfit": 113818000,
      "researchAndDevelopmentExpenses": 0,
      "generalAndAdministrativeExpenses": 0,
      "sellingAndMarketingExpenses": 68905000,
      "sellingGeneralAndAdministrativeExpenses": 68905000,
      "otherExpenses": 0,
      "operatingExpenses": 68905000,
      "costAndExpenses": 215026000,
      "netInterestIncome": 4969000,
      "interestIncome": 4969000,
      "interestExpense": 0,
      "depreciationAndAmortization": 549000,
      "ebitda": 45462000,
      "ebit": 44913000,
      "nonOperatingIncomeExcludingInterest": 0,
      "operatingIncome": 44913000,
      "totalOtherIncomeExpensesNet": 4851000,
      "incomeBeforeTax": 49764000,
      "incomeTaxExpense": 8537000,
      "netIncomeFromContinuingOperations": 41227000,
      "netIncomeFromDiscontinuedOperations": 0,
      "otherAdjustmentsToNetIncome": 0,
      "netIncome": 41227000,
      "netIncomeDeductions": 7000,
      "bottomLineNetIncome": 31505000,
      "eps": 0.14,
      "epsDiluted": 0.17,
      "weightedAverageShsOut": 230019000,
      "weightedAverageShsOutDil": 236277000
    },
    {
      "date": "2022-12-31",
      "symbol": "CELH",
      "reportedCurrency": "USD",
      "cik": "0001341766",
      "filingDate": "2023-04-19",
      "acceptedDate": "2023-04-18 20:39:33",
      "fiscalYear": "2022",
      "period": "Q4",
      "revenue": 177964000,
      "costOfRevenue": 98957000,
      "grossProfit": 79007000,
      "researchAndDevelopmentExpenses": 0,
      "generalAndAdministrativeExpenses": 21768000,
      "sellingAndMarketingExpenses": 89985000,
      "sellingGeneralAndAdministrativeExpenses": 111753000,
      "otherExpenses": 0,
      "operatingExpenses": 111753000,
      "costAndExpenses": 210710000,
      "netInterestIncome": 3950000,
      "interestIncome": 3950000,
      "interestExpense": 0,
      "depreciationAndAmortization": 563000,
      "ebitda": -27046000,
      "ebit": -27609000,
      "nonOperatingIncomeExcludingInterest": -5137000,
      "operatingIncome": -32746000,
      "totalOtherIncomeExpensesNet": 4488000,
      "incomeBeforeTax": -28258000,
      "incomeTaxExpense": -7035000,
      "netIncomeFromContinuingOperations": -21223000,
      "netIncomeFromDiscontinuedOperations": 0,
      "otherAdjustmentsToNetIncome": 0,
      "netIncome": -21223000,
      "netIncomeDeductions": 0,
      "bottomLineNetIncome": -28153000,
      "eps": -0.0929,
      "epsDiluted": -0.0916,
      "weightedAverageShsOut": 228483000,
      "weightedAverageShsOutDil": 231612000
    },
    {
      "date": "2022-09-30",
      "symbol": "CELH",
      "reportedCurrency": "USD",
      "cik": "0001341766",
      "filingDate": "2022-11-09",
      "acceptedDate": "2022-11-09 16:01:49",
      "fiscalYear": "2022",
      "period": "Q3",
      "revenue": 188233000,
      "costOfRevenue": 109583000,
      "grossProfit": 78650000,
      "researchAndDevelopmentExpenses": 0,
      "generalAndAdministrativeExpenses": 27493000,
      "sellingAndMarketingExpenses": 198756000,
      "sellingGeneralAndAdministrativeExpenses": 226249000,
      "otherExpenses": 0,
      "operatingExpenses": 226249000,
      "costAndExpenses": 335832000,
      "netInterestIncome": 1449000,
      "interestIncome": 1449000,
      "interestExpense": 0,
      "depreciationAndAmortization": 523000,
      "ebitda": -147076000,
      "ebit": -147599000,
      "nonOperatingIncomeExcludingInterest": 0,
      "operatingIncome": -147599000,
      "totalOtherIncomeExpensesNet": 1195000,
      "incomeBeforeTax": -146404000,
      "incomeTaxExpense": 35492000,
      "netIncomeFromContinuingOperations": -181896000,
      "netIncomeFromDiscontinuedOperations": 0,
      "otherAdjustmentsToNetIncome": 0,
      "netIncome": -181896000,
      "netIncomeDeductions": 0,
      "bottomLineNetIncome": -186492000,
      "eps": -0.8,
      "epsDiluted": -0.8,
      "weightedAverageShsOut": 227388000,
      "weightedAverageShsOutDil": 227388000
    },
    {
      "date": "2022-06-30",
      "symbol": "CELH",
      "reportedCurrency": "USD",
      "cik": "0001341766",
      "filingDate": "2022-08-09",
      "acceptedDate": "2022-08-09 16:06:37",
      "fiscalYear": "2022",
      "period": "Q2",
      "revenue": 154020000,
      "costOfRevenue": 94701000,
      "grossProfit": 59319000,
      "researchAndDevelopmentExpenses": 0,
      "generalAndAdministrativeExpenses": 14414000,
      "sellingAndMarketingExpenses": 32475000,
      "sellingGeneralAndAdministrativeExpenses": 46889000,
      "otherExpenses": 0,
      "operatingExpenses": 46889000,
      "costAndExpenses": 141590000,
      "netInterestIncome": 52000,
      "interestIncome": 55000,
      "interestExpense": 3000,
      "depreciationAndAmortization": 445000,
      "ebitda": 12416000,
      "ebit": 11971000,
      "nonOperatingIncomeExcludingInterest": 459000,
      "operatingIncome": 12430000,
      "totalOtherIncomeExpensesNet": -462000,
      "incomeBeforeTax": 11968000,
      "incomeTaxExpense": 2810000,
      "netIncomeFromContinuingOperations": 9158000,
      "netIncomeFromDiscontinuedOperations": 0,
      "otherAdjustmentsToNetIncome": 0,
      "netIncome": 9158000,
      "netIncomeDeductions": 0,
      "bottomLineNetIncome": 9158000,
      "eps": 0.04,
      "epsDiluted": 0.04,
      "weightedAverageShsOut": 226353000,
      "weightedAverageShsOutDil": 235116000
    },
    {
      "date": "2022-03-31",
      "symbol": "CELH",
      "reportedCurrency": "USD",
      "cik": "0001341766",
      "filingDate": "2022-05-10",
      "acceptedDate": "2022-05-10 16:03:16",
      "fiscalYear": "2022",
      "period": "Q1",
      "revenue": 133388000,
      "costOfRevenue": 79494000,
      "grossProfit": 53894000,
      "researchAndDevelopmentExpenses": 0,
      "generalAndAdministrativeExpenses": 29278000,
      "sellingAndMarketingExpenses": 14500000,
      "sellingGeneralAndAdministrativeExpenses": 43778000,
      "otherExpenses": 0,
      "operatingExpenses": 43778000,
      "costAndExpenses": 123272000,
      "netInterestIncome": 76000,
      "interestIncome": 78000,
      "interestExpense": 2000,
      "depreciationAndAmortization": 386000,
      "ebitda": 10418000,
      "ebit": 10032000,
      "nonOperatingIncomeExcludingInterest": 84000,
      "operatingIncome": 10116000,
      "totalOtherIncomeExpensesNet": -86000,
      "incomeBeforeTax": 10030000,
      "incomeTaxExpense": 3351000,
      "netIncomeFromContinuingOperations": 6679000,
      "netIncomeFromDiscontinuedOperations": 0,
      "otherAdjustmentsToNetIncome": 0,
      "netIncome": 6679000,
      "netIncomeDeductions": 0,
      "bottomLineNetIncome": 6679000,
      "eps": 0.03,
      "epsDiluted": 0.03,
      "weightedAverageShsOut": 225717000,
      "weightedAverageShsOutDil": 234867000
    },
    {
      "date": "2021-12-31",
      "symbol": "CELH",
      "reportedCurrency": "USD",
      "cik": "0001341766",
      "filingDate": "2022-03-16",
      "acceptedDate": "2022-03-16 17:16:56",
      "fiscalYear": "2021",
      "period": "Q4",
      "revenue": 104255000,
      "costOfRevenue": 62607000,
      "grossProfit": 41648000,
      "researchAndDevelopmentExpenses": 0,
      "generalAndAdministrativeExpenses": 14155745,
      "sellingAndMarketingExpenses": 24627295,
      "sellingGeneralAndAdministrativeExpenses": 38784000,
      "otherExpenses": 0,
      "operatingExpenses": 38784000,
      "costAndExpenses": 101391000,
      "netInterestIncome": 172000,
      "interestIncome": 76000,
      "interestExpense": -96000,
      "depreciationAndAmortization": 193000,
      "ebitda": 3210000,
      "ebit": 3017000,
      "nonOperatingIncomeExcludingInterest": -153000,
      "operatingIncome": 2864000,
      "totalOtherIncomeExpensesNet": 249000,
      "incomeBeforeTax": 3113000,
      "incomeTaxExpense": -8830000,
      "netIncomeFromContinuingOperations": 11943000,
      "netIncomeFromDiscontinuedOperations": 0,
      "otherAdjustmentsToNetIncome": 0,
      "netIncome": 11943000,
      "netIncomeDeductions": 0,
      "bottomLineNetIncome": 11943000,
      "eps": 0.0553,
      "epsDiluted": 0.0553,
      "weightedAverageShsOut": 221343000,
      "weightedAverageShsOutDil": 233067000
    },
    {
      "date": "2021-09-30",
      "symbol": "CELH",
      "reportedCurrency": "USD",
      "cik": "0001341766",
      "filingDate": "2021-11-12",
      "acceptedDate": "2021-11-12 14:57:06",
      "fiscalYear": "2021",
      "period": "Q3",
      "revenue": 94909000,
      "costOfRevenue": 57216000,
      "grossProfit": 37693000,
      "researchAndDevelopmentExpenses": 0,
      "generalAndAdministrativeExpenses": 23257000,
      "sellingAndMarketingExpenses": 22621000,
      "sellingGeneralAndAdministrativeExpenses": 45878000,
      "otherExpenses": 0,
      "operatingExpenses": 45878000,
      "costAndExpenses": 103094000,
      "netInterestIncome": -25000,
      "interestIncome": 76000,
      "interestExpense": 101000,
      "depreciationAndAmortization": 518000,
      "ebitda": -7918000,
      "ebit": -8436000,
      "nonOperatingIncomeExcludingInterest": 251000,
      "operatingIncome": -8185000,
      "totalOtherIncomeExpensesNet": -352000,
      "incomeBeforeTax": -8537000,
      "incomeTaxExpense": 834000,
      "netIncomeFromContinuingOperations": -9371000,
      "netIncomeFromDiscontinuedOperations": 0,
      "otherAdjustmentsToNetIncome": 0,
      "netIncome": -9371000,
      "netIncomeDeductions": 0,
      "bottomLineNetIncome": -9371000,
      "eps": -0.0419,
      "epsDiluted": -0.0419,
      "weightedAverageShsOut": 223827000,
      "weightedAverageShsOutDil": 223827000
    },
    {
      "date": "2021-06-30",
      "symbol": "CELH",
      "reportedCurrency": "USD",
      "cik": "0001341766",
      "filingDate": "2021-08-12",
      "acceptedDate": "2021-08-12 08:17:39",
      "fiscalYear": "2021",
      "period": "Q2",
      "revenue": 65073000,
      "costOfRevenue": 36824000,
      "grossProfit": 28249000,
      "researchAndDevelopmentExpenses": 0,
      "generalAndAdministrativeExpenses": 12300000,
      "sellingAndMarketingExpenses": 15531000,
      "sellingGeneralAndAdministrativeExpenses": 27831000,
      "otherExpenses": 0,
      "operatingExpenses": 27831000,
      "costAndExpenses": 64655000,
      "netInterestIncome": 75000,
      "interestIncome": 76000,
      "interestExpense": 1000,
      "depreciationAndAmortization": 257000,
      "ebitda": 1038000,
      "ebit": 781000,
      "nonOperatingIncomeExcludingInterest": -363000,
      "operatingIncome": 418000,
      "totalOtherIncomeExpensesNet": 362000,
      "incomeBeforeTax": 780000,
      "incomeTaxExpense": 0,
      "netIncomeFromContinuingOperations": 780000,
      "netIncomeFromDiscontinuedOperations": 0,
      "otherAdjustmentsToNetIncome": 0,
      "netIncome": 780000,
      "netIncomeDeductions": 0,
      "bottomLineNetIncome": 780000,
      "eps": 0.0033,
      "epsDiluted": 0.0033,
      "weightedAverageShsOut": 219477000,
      "weightedAverageShsOutDil": 231714000
    },
    {
      "date": "2021-03-31",
      "symbol": "CELH",
      "reportedCurrency": "USD",
      "cik": "0001341766",
      "filingDate": "2021-05-13",
      "acceptedDate": "2021-05-13 08:15:49",
      "fiscalYear": "2021",
      "period": "Q1",
      "revenue": 50035000,
      "costOfRevenue": 29456000,
      "grossProfit": 20579000,
      "researchAndDevelopmentExpenses": 0,
      "generalAndAdministrativeExpenses": 7807000,
      "sellingAndMarketingExpenses": 11959000,
      "sellingGeneralAndAdministrativeExpenses": 19766000,
      "otherExpenses": 0,
      "operatingExpenses": 19766000,
      "costAndExpenses": 49222000,
      "netInterestIncome": 85000,
      "interestIncome": 87000,
      "interestExpense": 2000,
      "depreciationAndAmortization": 296000,
      "ebitda": 883000,
      "ebit": 587000,
      "nonOperatingIncomeExcludingInterest": 226000,
      "operatingIncome": 813000,
      "totalOtherIncomeExpensesNet": -228000,
      "incomeBeforeTax": 585000,
      "incomeTaxExpense": 0,
      "netIncomeFromContinuingOperations": 585000,
      "netIncomeFromDiscontinuedOperations": 0,
      "otherAdjustmentsToNetIncome": 0,
      "netIncome": 585000,
      "netIncomeDeductions": 0,
      "bottomLineNetIncome": 585000,
      "eps": 0.0033,
      "epsDiluted": 0.0033,
      "weightedAverageShsOut": 217548000,
      "weightedAverageShsOutDil": 230775000
    },
    {
      "date": "2020-12-31",
      "symbol": "CELH",
      "reportedCurrency": "USD",
      "cik": "0001341766",
      "filingDate": "2021-03-11",
      "acceptedDate": "2021-03-11 08:40:05",
      "fiscalYear": "2020",
      "period": "Q4",
      "revenue": 35664512,
      "costOfRevenue": 18239498,
      "grossProfit": 17425014,
      "researchAndDevelopmentExpenses": 0,
      "generalAndAdministrativeExpenses": 5727397,
      "sellingAndMarketingExpenses": 11234425,
      "sellingGeneralAndAdministrativeExpenses": 16961822,
      "otherExpenses": 0,
      "operatingExpenses": 16961822,
      "costAndExpenses": 35201320,
      "netInterestIncome": -26162,
      "interestIncome": 87112,
      "interestExpense": 113274,
      "depreciationAndAmortization": 431965,
      "ebitda": 2038000,
      "ebit": 1606035,
      "nonOperatingIncomeExcludingInterest": -1142843,
      "operatingIncome": 463192,
      "totalOtherIncomeExpensesNet": 1318846,
      "incomeBeforeTax": 1782038,
      "incomeTaxExpense": 116177,
      "netIncomeFromContinuingOperations": 1665861,
      "netIncomeFromDiscontinuedOperations": 0,
      "otherAdjustmentsToNetIncome": 0,
      "netIncome": 1665861,
      "netIncomeDeductions": 0,
      "bottomLineNetIncome": 1665861,
      "eps": 0.0078,
      "epsDiluted": 0.0073,
      "weightedAverageShsOut": 214066500,
      "weightedAverageShsOutDil": 227053500
    },
    {
      "date": "2020-09-30",
      "symbol": "CELH",
      "reportedCurrency": "USD",
      "cik": "0001341766",
      "filingDate": "2020-11-12",
      "acceptedDate": "2020-11-12 08:27:41",
      "fiscalYear": "2020",
      "period": "Q3",
      "revenue": 36839149,
      "costOfRevenue": 19305416,
      "grossProfit": 17533733,
      "researchAndDevelopmentExpenses": 0,
      "generalAndAdministrativeExpenses": 4752428,
      "sellingAndMarketingExpenses": 8267996,
      "sellingGeneralAndAdministrativeExpenses": 13020424,
      "otherExpenses": 0,
      "operatingExpenses": 13020424,
      "costAndExpenses": 32325840,
      "netInterestIncome": -247399,
      "interestIncome": 78690,
      "interestExpense": 326089,
      "depreciationAndAmortization": 405468,
      "ebitda": 5485160,
      "ebit": 5079692,
      "nonOperatingIncomeExcludingInterest": -566383,
      "operatingIncome": 4513309,
      "totalOtherIncomeExpensesNet": 240294,
      "incomeBeforeTax": 4753603,
      "incomeTaxExpense": 0,
      "netIncomeFromContinuingOperations": 4753603,
      "netIncomeFromDiscontinuedOperations": 0,
      "otherAdjustmentsToNetIncome": 0,
      "netIncome": 4753603,
      "netIncomeDeductions": 0,
      "bottomLineNetIncome": 4753603,
      "eps": 0.0233,
      "epsDiluted": 0.02,
      "weightedAverageShsOut": 211420053,
      "weightedAverageShsOutDil": 224544717
    },
    {
      "date": "2020-06-30",
      "symbol": "CELH",
      "reportedCurrency": "USD",
      "cik": "0001341766",
      "filingDate": "2020-08-06",
      "acceptedDate": "2020-08-06 08:30:45",
      "fiscalYear": "2020",
      "period": "Q2",
      "revenue": 30037227,
      "costOfRevenue": 17024412,
      "grossProfit": 13012815,
      "researchAndDevelopmentExpenses": 0,
      "generalAndAdministrativeExpenses": 3897619,
      "sellingAndMarketingExpenses": 7866871,
      "sellingGeneralAndAdministrativeExpenses": 11764490,
      "otherExpenses": 0,
      "operatingExpenses": 11764490,
      "costAndExpenses": 28788902,
      "netInterestIncome": -190297,
      "interestIncome": 92485,
      "interestExpense": 282782,
      "depreciationAndAmortization": 466860,
      "ebitda": 2307976,
      "ebit": 1841116,
      "nonOperatingIncomeExcludingInterest": -592791,
      "operatingIncome": 1248325,
      "totalOtherIncomeExpensesNet": 310009,
      "incomeBeforeTax": 1558334,
      "incomeTaxExpense": 0,
      "netIncomeFromContinuingOperations": 1558334,
      "netIncomeFromDiscontinuedOperations": 0,
      "otherAdjustmentsToNetIncome": 0,
      "netIncome": 1558334,
      "netIncomeDeductions": 0,
      "bottomLineNetIncome": 1558334,
      "eps": 0.0067,
      "epsDiluted": 0.0067,
      "weightedAverageShsOut": 208189131,
      "weightedAverageShsOutDil": 214419195
    },
    {
      "date": "2020-03-31",
      "symbol": "CELH",
      "reportedCurrency": "USD",
      "cik": "0001341766",
      "filingDate": "2020-05-12",
      "acceptedDate": "2020-05-12 10:47:23",
      "fiscalYear": "2020",
      "period": "Q1",
      "revenue": 28184889,
      "costOfRevenue": 15182706,
      "grossProfit": 13002183,
      "researchAndDevelopmentExpenses": 0,
      "generalAndAdministrativeExpenses": 4528546,
      "sellingAndMarketingExpenses": 7506047,
      "sellingGeneralAndAdministrativeExpenses": 12034593,
      "otherExpenses": 0,
      "operatingExpenses": 12034593,
      "costAndExpenses": 27217299,
      "netInterestIncome": -208149,
      "interestIncome": 97534,
      "interestExpense": 305683,
      "depreciationAndAmortization": 434536,
      "ebitda": 1286270,
      "ebit": 851734,
      "nonOperatingIncomeExcludingInterest": 115856,
      "operatingIncome": 967590,
      "totalOtherIncomeExpensesNet": -421539,
      "incomeBeforeTax": 546051,
      "incomeTaxExpense": 0,
      "netIncomeFromContinuingOperations": 546051,
      "netIncomeFromDiscontinuedOperations": 0,
      "otherAdjustmentsToNetIncome": 0,
      "netIncome": 546051,
      "netIncomeDeductions": 0,
      "bottomLineNetIncome": 546051,
      "eps": 0.0033,
      "epsDiluted": 0.0033,
      "weightedAverageShsOut": 207852921,
      "weightedAverageShsOutDil": 211018248
    },
    {
      "date": "2019-12-31",
      "symbol": "CELH",
      "reportedCurrency": "USD",
      "cik": "0001341766",
      "filingDate": "2020-03-12",
      "acceptedDate": "2020-03-12 08:33:46",
      "fiscalYear": "2019",
      "period": "Q4",
      "revenue": 24115120,
      "costOfRevenue": 14022765,
      "grossProfit": 10092355,
      "researchAndDevelopmentExpenses": 0,
      "generalAndAdministrativeExpenses": 4371156,
      "sellingAndMarketingExpenses": 7042812,
      "sellingGeneralAndAdministrativeExpenses": 11413968,
      "otherExpenses": 0,
      "operatingExpenses": 11413968,
      "costAndExpenses": 25436733,
      "netInterestIncome": -232006,
      "interestIncome": 93658,
      "interestExpense": 325664,
      "depreciationAndAmortization": 131764,
      "ebitda": -715654,
      "ebit": -847418,
      "nonOperatingIncomeExcludingInterest": -474195,
      "operatingIncome": -1321613,
      "totalOtherIncomeExpensesNet": 148531,
      "incomeBeforeTax": -1173082,
      "incomeTaxExpense": 0,
      "netIncomeFromContinuingOperations": -1173082,
      "netIncomeFromDiscontinuedOperations": 0,
      "otherAdjustmentsToNetIncome": 0,
      "netIncome": -1173082,
      "netIncomeDeductions": 467716,
      "bottomLineNetIncome": -1640798,
      "eps": -0.0057,
      "epsDiluted": -0.0054,
      "weightedAverageShsOut": 206791482,
      "weightedAverageShsOutDil": 217686966
    },
    {
      "date": "2019-09-30",
      "symbol": "CELH",
      "reportedCurrency": "USD",
      "cik": "0001341766",
      "filingDate": "2019-11-07",
      "acceptedDate": "2019-11-07 08:31:59",
      "fiscalYear": "2019",
      "period": "Q3",
      "revenue": 20423847,
      "costOfRevenue": 11801478,
      "grossProfit": 8622369,
      "researchAndDevelopmentExpenses": 0,
      "generalAndAdministrativeExpenses": 2194530,
      "sellingAndMarketingExpenses": 4923968,
      "sellingGeneralAndAdministrativeExpenses": 7118498,
      "otherExpenses": 0,
      "operatingExpenses": 7118498,
      "costAndExpenses": 18919976,
      "netInterestIncome": -540941,
      "interestIncome": 96300,
      "interestExpense": 637241,
      "depreciationAndAmortization": 543353,
      "ebitda": 2141636,
      "ebit": 1598283,
      "nonOperatingIncomeExcludingInterest": -94412,
      "operatingIncome": 1503871,
      "totalOtherIncomeExpensesNet": -542829,
      "incomeBeforeTax": 961042,
      "incomeTaxExpense": 0,
      "netIncomeFromContinuingOperations": 961042,
      "netIncomeFromDiscontinuedOperations": 0,
      "otherAdjustmentsToNetIncome": 0,
      "netIncome": 961042,
      "netIncomeDeductions": -633849,
      "bottomLineNetIncome": 1594891,
      "eps": 0.0067,
      "epsDiluted": 0.0067,
      "weightedAverageShsOut": 177922212,
      "weightedAverageShsOutDil": 187597530
    },
    {
      "date": "2019-06-30",
      "symbol": "CELH",
      "reportedCurrency": "USD",
      "cik": "0001341766",
      "filingDate": "2019-08-08",
      "acceptedDate": "2019-08-08 08:31:37",
      "fiscalYear": "2019",
      "period": "Q2",
      "revenue": 16121929,
      "costOfRevenue": 9255898,
      "grossProfit": 6866031,
      "researchAndDevelopmentExpenses": 0,
      "generalAndAdministrativeExpenses": 2432746,
      "sellingAndMarketingExpenses": 5561939,
      "sellingGeneralAndAdministrativeExpenses": 7994685,
      "otherExpenses": 0,
      "operatingExpenses": 7994685,
      "costAndExpenses": 17250583,
      "netInterestIncome": -124237,
      "interestIncome": 95377,
      "interestExpense": 219614,
      "depreciationAndAmortization": 108311,
      "ebitda": -1145370,
      "ebit": -1253681,
      "nonOperatingIncomeExcludingInterest": 125027,
      "operatingIncome": -1128654,
      "totalOtherIncomeExpensesNet": -344641,
      "incomeBeforeTax": -1473295,
      "incomeTaxExpense": 0,
      "netIncomeFromContinuingOperations": -1473295,
      "netIncomeFromDiscontinuedOperations": 0,
      "otherAdjustmentsToNetIncome": 0,
      "netIncome": -1473295,
      "netIncomeDeductions": 0,
      "bottomLineNetIncome": -1473295,
      "eps": -0.0086,
      "epsDiluted": -0.0086,
      "weightedAverageShsOut": 172008351,
      "weightedAverageShsOutDil": 172008351
    },
    {
      "date": "2019-03-31",
      "symbol": "CELH",
      "reportedCurrency": "USD",
      "cik": "0001341766",
      "filingDate": "2019-05-09",
      "acceptedDate": "2019-05-09 08:32:21",
      "fiscalYear": "2019",
      "period": "Q1",
      "revenue": 14485650,
      "costOfRevenue": 8764592,
      "grossProfit": 5721058,
      "researchAndDevelopmentExpenses": 0,
      "generalAndAdministrativeExpenses": 2622102,
      "sellingAndMarketingExpenses": 3601003,
      "sellingGeneralAndAdministrativeExpenses": 6223105,
      "otherExpenses": 0,
      "operatingExpenses": 6223105,
      "costAndExpenses": 14987697,
      "netInterestIncome": -114572,
      "interestIncome": 0,
      "interestExpense": 114572,
      "depreciationAndAmortization": 109985,
      "ebitda": 11881151,
      "ebit": 11771166,
      "nonOperatingIncomeExcludingInterest": -12273213,
      "operatingIncome": -502047,
      "totalOtherIncomeExpensesNet": 12158641,
      "incomeBeforeTax": 11656594,
      "incomeTaxExpense": 0,
      "netIncomeFromContinuingOperations": 11656594,
      "netIncomeFromDiscontinuedOperations": 0,
      "otherAdjustmentsToNetIncome": 0,
      "netIncome": 11656594,
      "netIncomeDeductions": 0,
      "bottomLineNetIncome": 11656594,
      "eps": 0.0667,
      "epsDiluted": 0.0633,
      "weightedAverageShsOut": 171466335,
      "weightedAverageShsOutDil": 185062227
    },
    {
      "date": "2018-12-31",
      "symbol": "CELH",
      "reportedCurrency": "USD",
      "cik": "0001341766",
      "filingDate": "2019-03-14",
      "acceptedDate": "2019-03-14 08:56:08",
      "fiscalYear": "2018",
      "period": "Q4",
      "revenue": 14680367,
      "costOfRevenue": 9235873,
      "grossProfit": 5444494,
      "researchAndDevelopmentExpenses": 0,
      "generalAndAdministrativeExpenses": 3057012,
      "sellingAndMarketingExpenses": 2794294,
      "sellingGeneralAndAdministrativeExpenses": 5851306,
      "otherExpenses": 0,
      "operatingExpenses": 5851306,
      "costAndExpenses": 15087179,
      "netInterestIncome": -65912,
      "interestIncome": 0,
      "interestExpense": 65912,
      "depreciationAndAmortization": 37542,
      "ebitda": -746318,
      "ebit": -783860,
      "nonOperatingIncomeExcludingInterest": 377048,
      "operatingIncome": -406812,
      "totalOtherIncomeExpensesNet": -442960,
      "incomeBeforeTax": -849772,
      "incomeTaxExpense": 0,
      "netIncomeFromContinuingOperations": -849772,
      "netIncomeFromDiscontinuedOperations": 0,
      "otherAdjustmentsToNetIncome": 0,
      "netIncome": -849772,
      "netIncomeDeductions": 0,
      "bottomLineNetIncome": -893411,
      "eps": -0.0055,
      "epsDiluted": -0.0055,
      "weightedAverageShsOut": 153491046,
      "weightedAverageShsOutDil": 153491046
    },
    {
      "date": "2018-09-30",
      "symbol": "CELH",
      "reportedCurrency": "USD",
      "cik": "0001341766",
      "filingDate": "2018-11-08",
      "acceptedDate": "2018-11-08 16:02:27",
      "fiscalYear": "2018",
      "period": "Q3",
      "revenue": 16565316,
      "costOfRevenue": 9694932,
      "grossProfit": 6870384,
      "researchAndDevelopmentExpenses": 0,
      "generalAndAdministrativeExpenses": 2287374,
      "sellingAndMarketingExpenses": 8671792,
      "sellingGeneralAndAdministrativeExpenses": 10959166,
      "otherExpenses": 0,
      "operatingExpenses": 10959166,
      "costAndExpenses": 20654098,
      "netInterestIncome": -42932,
      "interestIncome": 0,
      "interestExpense": 42932,
      "depreciationAndAmortization": 14972,
      "ebitda": -4073810,
      "ebit": -4088782,
      "nonOperatingIncomeExcludingInterest": 0,
      "operatingIncome": -4088782,
      "totalOtherIncomeExpensesNet": -42932,
      "incomeBeforeTax": -4131714,
      "incomeTaxExpense": 0,
      "netIncomeFromContinuingOperations": -4131714,
      "netIncomeFromDiscontinuedOperations": 0,
      "otherAdjustmentsToNetIncome": 0,
      "netIncome": -4131714,
      "netIncomeDeductions": 0,
      "bottomLineNetIncome": -4175353,
      "eps": -0.027,
      "epsDiluted": -0.027,
      "weightedAverageShsOut": 153295725,
      "weightedAverageShsOutDil": 153295725
    },
    {
      "date": "2018-06-30",
      "symbol": "CELH",
      "reportedCurrency": "USD",
      "cik": "0001341766",
      "filingDate": "2018-08-09",
      "acceptedDate": "2018-08-09 16:03:22",
      "fiscalYear": "2018",
      "period": "Q2",
      "revenue": 9298327,
      "costOfRevenue": 5316508,
      "grossProfit": 3981819,
      "researchAndDevelopmentExpenses": 0,
      "generalAndAdministrativeExpenses": 3140551,
      "sellingAndMarketingExpenses": 4148173,
      "sellingGeneralAndAdministrativeExpenses": 7288724,
      "otherExpenses": 0,
      "operatingExpenses": 7288724,
      "costAndExpenses": 12605232,
      "netInterestIncome": -41753,
      "interestIncome": 2482,
      "interestExpense": 44235,
      "depreciationAndAmortization": 11695,
      "ebitda": -3292728,
      "ebit": -3304423,
      "nonOperatingIncomeExcludingInterest": -2482,
      "operatingIncome": -3306905,
      "totalOtherIncomeExpensesNet": -41753,
      "incomeBeforeTax": -3348658,
      "incomeTaxExpense": 0,
      "netIncomeFromContinuingOperations": -3348658,
      "netIncomeFromDiscontinuedOperations": 0,
      "otherAdjustmentsToNetIncome": 0,
      "netIncome": -3348658,
      "netIncomeDeductions": 0,
      "bottomLineNetIncome": -3391822,
      "eps": -0.0219,
      "epsDiluted": -0.0219,
      "weightedAverageShsOut": 153011409,
      "weightedAverageShsOutDil": 153011409
    },
    {
      "date": "2018-03-31",
      "symbol": "CELH",
      "reportedCurrency": "USD",
      "cik": "0001341766",
      "filingDate": "2018-05-10",
      "acceptedDate": "2018-05-10 16:02:35",
      "fiscalYear": "2018",
      "period": "Q1",
      "revenue": 12059976,
      "costOfRevenue": 7296295,
      "grossProfit": 4763681,
      "researchAndDevelopmentExpenses": 0,
      "generalAndAdministrativeExpenses": 2002655,
      "sellingAndMarketingExpenses": 5599271,
      "sellingGeneralAndAdministrativeExpenses": 7601926,
      "otherExpenses": 0,
      "operatingExpenses": 7601926,
      "costAndExpenses": 14898221,
      "netInterestIncome": -38259,
      "interestIncome": 0,
      "interestExpense": 38259,
      "depreciationAndAmortization": 7953,
      "ebitda": -2830292,
      "ebit": -2838245,
      "nonOperatingIncomeExcludingInterest": 0,
      "operatingIncome": -2838245,
      "totalOtherIncomeExpensesNet": -38259,
      "incomeBeforeTax": -2876504,
      "incomeTaxExpense": 0,
      "netIncomeFromContinuingOperations": -2876504,
      "netIncomeFromDiscontinuedOperations": 0,
      "otherAdjustmentsToNetIncome": 0,
      "netIncome": -2876504,
      "netIncomeDeductions": 0,
      "bottomLineNetIncome": -2959195,
      "eps": -0.0202,
      "epsDiluted": -0.0202,
      "weightedAverageShsOut": 142348659,
      "weightedAverageShsOutDil": 142348659
    },
    {
      "date": "2017-12-31",
      "symbol": "CELH",
      "reportedCurrency": "USD",
      "cik": "0001341766",
      "filingDate": "2018-03-08",
      "acceptedDate": "2018-03-08 16:02:58",
      "fiscalYear": "2017",
      "period": "Q4",
      "revenue": 9140941,
      "costOfRevenue": 5334589,
      "grossProfit": 3806352,
      "researchAndDevelopmentExpenses": 0,
      "generalAndAdministrativeExpenses": 1637581,
      "sellingAndMarketingExpenses": 7338162,
      "sellingGeneralAndAdministrativeExpenses": 8975743,
      "otherExpenses": 0,
      "operatingExpenses": 8975743,
      "costAndExpenses": 14310332,
      "netInterestIncome": -38421,
      "interestIncome": 0,
      "interestExpense": 38421,
      "depreciationAndAmortization": 6133,
      "ebitda": -5163258,
      "ebit": -5169391,
      "nonOperatingIncomeExcludingInterest": 0,
      "operatingIncome": -5169391,
      "totalOtherIncomeExpensesNet": -38421,
      "incomeBeforeTax": -5207812,
      "incomeTaxExpense": 0,
      "netIncomeFromContinuingOperations": -5207812,
      "netIncomeFromDiscontinuedOperations": 0,
      "otherAdjustmentsToNetIncome": 0,
      "netIncome": -5207812,
      "netIncomeDeductions": 0,
      "bottomLineNetIncome": -5300064,
      "eps": -0.0378,
      "epsDiluted": -0.0378,
      "weightedAverageShsOut": 137607732,
      "weightedAverageShsOutDil": 137607732
    },
    {
      "date": "2017-09-30",
      "symbol": "CELH",
      "reportedCurrency": "USD",
      "cik": "0001341766",
      "filingDate": "2017-11-08",
      "acceptedDate": "2017-11-08 16:03:10",
      "fiscalYear": "2017",
      "period": "Q3",
      "revenue": 10785796,
      "costOfRevenue": 6110898,
      "grossProfit": 4674898,
      "researchAndDevelopmentExpenses": 0,
      "generalAndAdministrativeExpenses": 1559173,
      "sellingAndMarketingExpenses": 4702308,
      "sellingGeneralAndAdministrativeExpenses": 6261481,
      "otherExpenses": 0,
      "operatingExpenses": 6261481,
      "costAndExpenses": 12372379,
      "netInterestIncome": -35661,
      "interestIncome": 0,
      "interestExpense": 35661,
      "depreciationAndAmortization": 5618,
      "ebitda": -1580965,
      "ebit": -1586583,
      "nonOperatingIncomeExcludingInterest": 0,
      "operatingIncome": -1586583,
      "totalOtherIncomeExpensesNet": -35661,
      "incomeBeforeTax": -1622244,
      "incomeTaxExpense": 0,
      "netIncomeFromContinuingOperations": -1622244,
      "netIncomeFromDiscontinuedOperations": 0,
      "otherAdjustmentsToNetIncome": 0,
      "netIncome": -1622244,
      "netIncomeDeductions": 0,
      "bottomLineNetIncome": -1714494,
      "eps": -0.0119,
      "epsDiluted": -0.0119,
      "weightedAverageShsOut": 136463724,
      "weightedAverageShsOutDil": 136463724
    },
    {
      "date": "2017-06-30",
      "symbol": "CELH",
      "reportedCurrency": "USD",
      "cik": "0001341766",
      "filingDate": "2017-08-09",
      "acceptedDate": "2017-08-09 16:02:32",
      "fiscalYear": "2017",
      "period": "Q2",
      "revenue": 10236898,
      "costOfRevenue": 5670277,
      "grossProfit": 4566621,
      "researchAndDevelopmentExpenses": 0,
      "generalAndAdministrativeExpenses": 1639558,
      "sellingAndMarketingExpenses": 2417812,
      "sellingGeneralAndAdministrativeExpenses": 4057370,
      "otherExpenses": 0,
      "operatingExpenses": 4057370,
      "costAndExpenses": 9727647,
      "netInterestIncome": -38478,
      "interestIncome": 0,
      "interestExpense": 38478,
      "depreciationAndAmortization": 4440,
      "ebitda": 513691,
      "ebit": 509251,
      "nonOperatingIncomeExcludingInterest": 0,
      "operatingIncome": 509251,
      "totalOtherIncomeExpensesNet": -38478,
      "incomeBeforeTax": 470773,
      "incomeTaxExpense": 0,
      "netIncomeFromContinuingOperations": 470773,
      "netIncomeFromDiscontinuedOperations": 0,
      "otherAdjustmentsToNetIncome": 0,
      "netIncome": 470773,
      "netIncomeDeductions": 0,
      "bottomLineNetIncome": 379525,
      "eps": 0.0033,
      "epsDiluted": 0.0033,
      "weightedAverageShsOut": 133950156,
      "weightedAverageShsOutDil": 170632848
    },
    {
      "date": "2017-03-31",
      "symbol": "CELH",
      "reportedCurrency": "USD",
      "cik": "0001341766",
      "filingDate": "2017-05-11",
      "acceptedDate": "2017-05-11 16:02:27",
      "fiscalYear": "2017",
      "period": "Q1",
      "revenue": 6000429,
      "costOfRevenue": 3617623,
      "grossProfit": 2382806,
      "researchAndDevelopmentExpenses": 0,
      "generalAndAdministrativeExpenses": 2062963,
      "sellingAndMarketingExpenses": 2153087,
      "sellingGeneralAndAdministrativeExpenses": 4216050,
      "otherExpenses": 0,
      "operatingExpenses": 4216050,
      "costAndExpenses": 7833673,
      "netInterestIncome": -48056,
      "interestIncome": 0,
      "interestExpense": 48056,
      "depreciationAndAmortization": 4234,
      "ebitda": -1829010,
      "ebit": -1833244,
      "nonOperatingIncomeExcludingInterest": 0,
      "operatingIncome": -1833244,
      "totalOtherIncomeExpensesNet": -48056,
      "incomeBeforeTax": -1881300,
      "incomeTaxExpense": 0,
      "netIncomeFromContinuingOperations": -1881300,
      "netIncomeFromDiscontinuedOperations": 0,
      "otherAdjustmentsToNetIncome": 0,
      "netIncome": -1881300,
      "netIncomeDeductions": 0,
      "bottomLineNetIncome": -1971545,
      "eps": -0.015,
      "epsDiluted": -0.015,
      "weightedAverageShsOut": 125351559,
      "weightedAverageShsOutDil": 125351559
    },
    {
      "date": "2016-12-31",
      "symbol": "CELH",
      "reportedCurrency": "USD",
      "cik": "0001341766",
      "filingDate": "2017-03-30",
      "acceptedDate": "2017-03-30 16:02:20",
      "fiscalYear": "2016",
      "period": "Q4",
      "revenue": 6252890,
      "costOfRevenue": 3691851,
      "grossProfit": 2561039,
      "researchAndDevelopmentExpenses": 0,
      "generalAndAdministrativeExpenses": 962758,
      "sellingAndMarketingExpenses": 1966418,
      "sellingGeneralAndAdministrativeExpenses": 2929176,
      "otherExpenses": 0,
      "operatingExpenses": 2929176,
      "costAndExpenses": 6621027,
      "netInterestIncome": -57500,
      "interestIncome": 0,
      "interestExpense": 57500,
      "depreciationAndAmortization": 4605,
      "ebitda": -357437,
      "ebit": -362042,
      "nonOperatingIncomeExcludingInterest": -6095,
      "operatingIncome": -368137,
      "totalOtherIncomeExpensesNet": -51405,
      "incomeBeforeTax": -419542,
      "incomeTaxExpense": 0,
      "netIncomeFromContinuingOperations": -419542,
      "netIncomeFromDiscontinuedOperations": 0,
      "otherAdjustmentsToNetIncome": 0,
      "netIncome": -419542,
      "netIncomeDeductions": 0,
      "bottomLineNetIncome": -509432,
      "eps": -0.0036,
      "epsDiluted": -0.0036,
      "weightedAverageShsOut": 116042832,
      "weightedAverageShsOutDil": 116042832
    },
    {
      "date": "2016-09-30",
      "symbol": "CELH",
      "reportedCurrency": "USD",
      "cik": "0001341766",
      "filingDate": "2016-11-10",
      "acceptedDate": "2016-11-10 16:16:22",
      "fiscalYear": "2016",
      "period": "Q3",
      "revenue": 6657700,
      "costOfRevenue": 3772948,
      "grossProfit": 2884752,
      "researchAndDevelopmentExpenses": 0,
      "generalAndAdministrativeExpenses": 1081273,
      "sellingAndMarketingExpenses": 1736029,
      "sellingGeneralAndAdministrativeExpenses": 2817302,
      "otherExpenses": 0,
      "operatingExpenses": 2817302,
      "costAndExpenses": 6590250,
      "netInterestIncome": -57500,
      "interestIncome": 0,
      "interestExpense": 57500,
      "depreciationAndAmortization": 4978,
      "ebitda": 72428,
      "ebit": 67450,
      "nonOperatingIncomeExcludingInterest": 0,
      "operatingIncome": 67450,
      "totalOtherIncomeExpensesNet": -57500,
      "incomeBeforeTax": 9950,
      "incomeTaxExpense": 0,
      "netIncomeFromContinuingOperations": 9950,
      "netIncomeFromDiscontinuedOperations": 0,
      "otherAdjustmentsToNetIncome": 0,
      "netIncome": 9950,
      "netIncomeDeductions": 0,
      "bottomLineNetIncome": -93008,
      "eps": 0.0001,
      "epsDiluted": 0.0001,
      "weightedAverageShsOut": 115999353,
      "weightedAverageShsOutDil": 115999353
    },
    {
      "date": "2016-06-30",
      "symbol": "CELH",
      "reportedCurrency": "USD",
      "cik": "0001341766",
      "filingDate": "2016-06-30",
      "acceptedDate": "2016-06-30 00:00:00",
      "fiscalYear": "2016",
      "period": "Q2",
      "revenue": 6171791,
      "costOfRevenue": 3407612,
      "grossProfit": 2764179,
      "researchAndDevelopmentExpenses": 0,
      "generalAndAdministrativeExpenses": 979722,
      "sellingAndMarketingExpenses": 3185048,
      "sellingGeneralAndAdministrativeExpenses": 4164770,
      "otherExpenses": 0,
      "operatingExpenses": 4164770,
      "costAndExpenses": 7572382,
      "netInterestIncome": -56875,
      "interestIncome": 0,
      "interestExpense": 56875,
      "depreciationAndAmortization": 3974,
      "ebitda": -1396617,
      "ebit": -1400591,
      "nonOperatingIncomeExcludingInterest": 0,
      "operatingIncome": -1400591,
      "totalOtherIncomeExpensesNet": -56875,
      "incomeBeforeTax": -1457466,
      "incomeTaxExpense": 0,
      "netIncomeFromContinuingOperations": -1457466,
      "netIncomeFromDiscontinuedOperations": 0,
      "otherAdjustmentsToNetIncome": 0,
      "netIncome": -1457466,
      "netIncomeDeductions": 0,
      "bottomLineNetIncome": -1544120,
      "eps": -0.0126,
      "epsDiluted": -0.0126,
      "weightedAverageShsOut": 115626768,
      "weightedAverageShsOutDil": 115626768
    },
    {
      "date": "2016-03-31",
      "symbol": "CELH",
      "reportedCurrency": "USD",
      "cik": "0001341766",
      "filingDate": "2016-03-31",
      "acceptedDate": "2016-03-31 00:00:00",
      "fiscalYear": "2016",
      "period": "Q1",
      "revenue": 3678606,
      "costOfRevenue": 2158742,
      "grossProfit": 1519864,
      "researchAndDevelopmentExpenses": 0,
      "generalAndAdministrativeExpenses": 875278,
      "sellingAndMarketingExpenses": 1788268,
      "sellingGeneralAndAdministrativeExpenses": 2663546,
      "otherExpenses": 0,
      "operatingExpenses": 2663546,
      "costAndExpenses": 4822288,
      "netInterestIncome": -56875,
      "interestIncome": 0,
      "interestExpense": 56875,
      "depreciationAndAmortization": 3394,
      "ebitda": -1140288,
      "ebit": -1143682,
      "nonOperatingIncomeExcludingInterest": 0,
      "operatingIncome": -1143682,
      "totalOtherIncomeExpensesNet": -56875,
      "incomeBeforeTax": -1200557,
      "incomeTaxExpense": 0,
      "netIncomeFromContinuingOperations": -1200557,
      "netIncomeFromDiscontinuedOperations": 0,
      "otherAdjustmentsToNetIncome": 0,
      "netIncome": -1200557,
      "netIncomeDeductions": 0,
      "bottomLineNetIncome": -1287209,
      "eps": -0.0104,
      "epsDiluted": -0.0104,
      "weightedAverageShsOut": 115141140,
      "weightedAverageShsOutDil": 115141140
    },
    {
      "date": "2015-12-31",
      "symbol": "CELH",
      "reportedCurrency": "USD",
      "cik": "0001341766",
      "filingDate": "2015-12-31",
      "acceptedDate": "2015-12-31 00:00:00",
      "fiscalYear": "2015",
      "period": "Q4",
      "revenue": 4260610,
      "costOfRevenue": 2596089,
      "grossProfit": 1664521,
      "researchAndDevelopmentExpenses": 0,
      "generalAndAdministrativeExpenses": 657485,
      "sellingAndMarketingExpenses": 2015249,
      "sellingGeneralAndAdministrativeExpenses": 2672734,
      "otherExpenses": 0,
      "operatingExpenses": 2672734,
      "costAndExpenses": 5268823,
      "netInterestIncome": -57623,
      "interestIncome": 0,
      "interestExpense": 57623,
      "depreciationAndAmortization": 6522,
      "ebitda": -1001691,
      "ebit": -1008213,
      "nonOperatingIncomeExcludingInterest": 0,
      "operatingIncome": -1008213,
      "totalOtherIncomeExpensesNet": -57623,
      "incomeBeforeTax": -1065836,
      "incomeTaxExpense": 0,
      "netIncomeFromContinuingOperations": -1065836,
      "netIncomeFromDiscontinuedOperations": 0,
      "otherAdjustmentsToNetIncome": 0,
      "netIncome": -1065836,
      "netIncomeDeductions": 0,
      "bottomLineNetIncome": -1292935,
      "eps": -0.0099,
      "epsDiluted": -0.0099,
      "weightedAverageShsOut": 107334309,
      "weightedAverageShsOutDil": 107334309
    },
    {
      "date": "2015-09-30",
      "symbol": "CELH",
      "reportedCurrency": "USD",
      "cik": "0001341766",
      "filingDate": "2015-09-30",
      "acceptedDate": "2015-09-30 00:00:00",
      "fiscalYear": "2015",
      "period": "Q3",
      "revenue": 3652424,
      "costOfRevenue": 2143676,
      "grossProfit": 1508748,
      "researchAndDevelopmentExpenses": 0,
      "generalAndAdministrativeExpenses": 616703,
      "sellingAndMarketingExpenses": 1644090,
      "sellingGeneralAndAdministrativeExpenses": 2260793,
      "otherExpenses": 0,
      "operatingExpenses": 2260793,
      "costAndExpenses": 4404469,
      "netInterestIncome": -57988,
      "interestIncome": 0,
      "interestExpense": 57988,
      "depreciationAndAmortization": 8670,
      "ebitda": -743375,
      "ebit": -752045,
      "nonOperatingIncomeExcludingInterest": 0,
      "operatingIncome": -752045,
      "totalOtherIncomeExpensesNet": -57988,
      "incomeBeforeTax": -810033,
      "incomeTaxExpense": 0,
      "netIncomeFromContinuingOperations": -810033,
      "netIncomeFromDiscontinuedOperations": 0,
      "otherAdjustmentsToNetIncome": 0,
      "netIncome": -810033,
      "netIncomeDeductions": 0,
      "bottomLineNetIncome": -895485,
      "eps": -0.007,
      "epsDiluted": -0.007,
      "weightedAverageShsOut": 115141146,
      "weightedAverageShsOutDil": 115141146
    }
  ]
}