{
  "ticker": "CRM",
  "endpoint": "income-statement",
  "fetched_at": "2025-09-05T14:21:40.524606",
  "data": [
    {
      "date": "2025-07-31",
      "symbol": "CRM",
      "reportedCurrency": "USD",
      "cik": "0001108524",
      "filingDate": "2025-09-04",
      "acceptedDate": "2025-09-03 21:41:22",
      "fiscalYear": "2026",
      "period": "Q2",
      "revenue": 10236000000,
      "costOfRevenue": 2242000000,
      "grossProfit": 7994000000,
      "researchAndDevelopmentExpenses": 1481000000,
      "generalAndAdministrativeExpenses": 734000000,
      "sellingAndMarketingExpenses": 3443000000,
      "sellingGeneralAndAdministrativeExpenses": 4177000000,
      "otherExpenses": 0,
      "operatingExpenses": 5658000000,
      "costAndExpenses": 7900000000,
      "netInterestIncome": 83000000,
      "interestIncome": 150000000,
      "interestExpense": 67000000,
      "depreciationAndAmortization": 817000000,
      "ebitda": 3223000000,
      "ebit": 2406000000,
      "nonOperatingIncomeExcludingInterest": -70000000,
      "operatingIncome": 2332000000,
      "totalOtherIncomeExpensesNet": 74000000,
      "incomeBeforeTax": 2406000000,
      "incomeTaxExpense": 519000000,
      "netIncomeFromContinuingOperations": 1887000000,
      "netIncomeFromDiscontinuedOperations": 0,
      "otherAdjustmentsToNetIncome": 0,
      "netIncome": 1887000000,
      "netIncomeDeductions": 0,
      "bottomLineNetIncome": 1887000000,
      "eps": 1.97,
      "epsDiluted": 1.96,
      "weightedAverageShsOut": 956000000,
      "weightedAverageShsOutDil": 962000000
    },
    {
      "date": "2025-04-30",
      "symbol": "CRM",
      "reportedCurrency": "USD",
      "cik": "0001108524",
      "filingDate": "2025-05-29",
      "acceptedDate": "2025-05-28 18:52:02",
      "fiscalYear": "2026",
      "period": "Q1",
      "revenue": 9829000000,
      "costOfRevenue": 2265000000,
      "grossProfit": 7564000000,
      "researchAndDevelopmentExpenses": 1460000000,
      "generalAndAdministrativeExpenses": 697000000,
      "sellingAndMarketingExpenses": 3429000000,
      "sellingGeneralAndAdministrativeExpenses": 4126000000,
      "otherExpenses": 36000000,
      "operatingExpenses": 5622000000,
      "costAndExpenses": 7887000000,
      "netInterestIncome": 101000000,
      "interestIncome": 169000000,
      "interestExpense": 68000000,
      "depreciationAndAmortization": 843000000,
      "ebitda": 2749000000,
      "ebit": 1906000000,
      "nonOperatingIncomeExcludingInterest": 36000000,
      "operatingIncome": 1942000000,
      "totalOtherIncomeExpensesNet": 32000000,
      "incomeBeforeTax": 1974000000,
      "incomeTaxExpense": 433000000,
      "netIncomeFromContinuingOperations": 1541000000,
      "netIncomeFromDiscontinuedOperations": 0,
      "otherAdjustmentsToNetIncome": 0,
      "netIncome": 1541000000,
      "netIncomeDeductions": 0,
      "bottomLineNetIncome": 1541000000,
      "eps": 1.61,
      "epsDiluted": 1.59,
      "weightedAverageShsOut": 969182000,
      "weightedAverageShsOutDil": 970000000
    },
    {
      "date": "2025-01-31",
      "symbol": "CRM",
      "reportedCurrency": "USD",
      "cik": "0001108524",
      "filingDate": "2025-03-05",
      "acceptedDate": "2025-03-05 16:16:48",
      "fiscalYear": "2025",
      "period": "Q4",
      "revenue": 9993000000,
      "costOfRevenue": 2217000000,
      "grossProfit": 7776000000,
      "researchAndDevelopmentExpenses": 1420000000,
      "generalAndAdministrativeExpenses": 767000000,
      "sellingAndMarketingExpenses": 3471000000,
      "sellingGeneralAndAdministrativeExpenses": 4238000000,
      "otherExpenses": 298000000,
      "operatingExpenses": 5956000000,
      "costAndExpenses": 8173000000,
      "netInterestIncome": 0,
      "interestIncome": 0,
      "interestExpense": 0,
      "depreciationAndAmortization": 877000000,
      "ebitda": 2995000000,
      "ebit": 2118000000,
      "nonOperatingIncomeExcludingInterest": -298000000,
      "operatingIncome": 1820000000,
      "totalOtherIncomeExpensesNet": 168000000,
      "incomeBeforeTax": 1988000000,
      "incomeTaxExpense": 280000000,
      "netIncomeFromContinuingOperations": 1708000000,
      "netIncomeFromDiscontinuedOperations": 0,
      "otherAdjustmentsToNetIncome": 0,
      "netIncome": 1708000000,
      "netIncomeDeductions": 0,
      "bottomLineNetIncome": 1708000000,
      "eps": 1.78,
      "epsDiluted": 1.75,
      "weightedAverageShsOut": 959000000,
      "weightedAverageShsOutDil": 974000000
    },
    {
      "date": "2024-10-31",
      "symbol": "CRM",
      "reportedCurrency": "USD",
      "cik": "0001108524",
      "filingDate": "2024-12-04",
      "acceptedDate": "2024-12-03 21:04:12",
      "fiscalYear": "2025",
      "period": "Q3",
      "revenue": 9444000000,
      "costOfRevenue": 2105000000,
      "grossProfit": 7339000000,
      "researchAndDevelopmentExpenses": 1356000000,
      "generalAndAdministrativeExpenses": 711000000,
      "sellingAndMarketingExpenses": 3323000000,
      "sellingGeneralAndAdministrativeExpenses": 4034000000,
      "otherExpenses": 56000000,
      "operatingExpenses": 5446000000,
      "costAndExpenses": 7551000000,
      "netInterestIncome": 0,
      "interestIncome": 0,
      "interestExpense": 0,
      "depreciationAndAmortization": 814000000,
      "ebitda": 2763000000,
      "ebit": 1949000000,
      "nonOperatingIncomeExcludingInterest": -56000000,
      "operatingIncome": 1893000000,
      "totalOtherIncomeExpensesNet": -147000000,
      "incomeBeforeTax": 1746000000,
      "incomeTaxExpense": 219000000,
      "netIncomeFromContinuingOperations": 1527000000,
      "netIncomeFromDiscontinuedOperations": 0,
      "otherAdjustmentsToNetIncome": 0,
      "netIncome": 1527000000,
      "netIncomeDeductions": 0,
      "bottomLineNetIncome": 1527000000,
      "eps": 1.6,
      "epsDiluted": 1.58,
      "weightedAverageShsOut": 963000000,
      "weightedAverageShsOutDil": 975000000
    },
    {
      "date": "2024-07-31",
      "symbol": "CRM",
      "reportedCurrency": "USD",
      "cik": "0001108524",
      "filingDate": "2024-08-29",
      "acceptedDate": "2024-08-28 18:34:36",
      "fiscalYear": "2025",
      "period": "Q2",
      "revenue": 9325000000,
      "costOfRevenue": 2159000000,
      "grossProfit": 7166000000,
      "researchAndDevelopmentExpenses": 1349000000,
      "generalAndAdministrativeExpenses": 711000000,
      "sellingAndMarketingExpenses": 3224000000,
      "sellingGeneralAndAdministrativeExpenses": 3935000000,
      "otherExpenses": 99000000,
      "operatingExpenses": 5383000000,
      "costAndExpenses": 7542000000,
      "netInterestIncome": 0,
      "interestIncome": 0,
      "interestExpense": 0,
      "depreciationAndAmortization": 907000000,
      "ebitda": 2789000000,
      "ebit": 1882000000,
      "nonOperatingIncomeExcludingInterest": -99000000,
      "operatingIncome": 1783000000,
      "totalOtherIncomeExpensesNet": 54000000,
      "incomeBeforeTax": 1837000000,
      "incomeTaxExpense": 408000000,
      "netIncomeFromContinuingOperations": 1429000000,
      "netIncomeFromDiscontinuedOperations": 0,
      "otherAdjustmentsToNetIncome": 0,
      "netIncome": 1429000000,
      "netIncomeDeductions": 0,
      "bottomLineNetIncome": 1429000000,
      "eps": 1.48,
      "epsDiluted": 1.47,
      "weightedAverageShsOut": 964000000,
      "weightedAverageShsOutDil": 973000000
    },
    {
      "date": "2024-04-30",
      "symbol": "CRM",
      "reportedCurrency": "USD",
      "cik": "0001108524",
      "filingDate": "2024-05-30",
      "acceptedDate": "2024-05-29 18:48:20",
      "fiscalYear": "2025",
      "period": "Q1",
      "revenue": 9133000000,
      "costOfRevenue": 2162000000,
      "grossProfit": 6971000000,
      "researchAndDevelopmentExpenses": 1368000000,
      "generalAndAdministrativeExpenses": 647000000,
      "sellingAndMarketingExpenses": 3239000000,
      "sellingGeneralAndAdministrativeExpenses": 3886000000,
      "otherExpenses": 0,
      "operatingExpenses": 5254000000,
      "costAndExpenses": 7416000000,
      "netInterestIncome": 0,
      "interestIncome": 0,
      "interestExpense": 0,
      "depreciationAndAmortization": 879000000,
      "ebitda": 2596000000,
      "ebit": 1717000000,
      "nonOperatingIncomeExcludingInterest": -8000000,
      "operatingIncome": 1709000000,
      "totalOtherIncomeExpensesNet": 158000000,
      "incomeBeforeTax": 1867000000,
      "incomeTaxExpense": 334000000,
      "netIncomeFromContinuingOperations": 1533000000,
      "netIncomeFromDiscontinuedOperations": 0,
      "otherAdjustmentsToNetIncome": 0,
      "netIncome": 1533000000,
      "netIncomeDeductions": 0,
      "bottomLineNetIncome": 1533000000,
      "eps": 1.58,
      "epsDiluted": 1.56,
      "weightedAverageShsOut": 970000000,
      "weightedAverageShsOutDil": 985000000
    },
    {
      "date": "2024-01-31",
      "symbol": "CRM",
      "reportedCurrency": "USD",
      "cik": "0001108524",
      "filingDate": "2024-03-06",
      "acceptedDate": "2024-03-06 16:32:48",
      "fiscalYear": "2024",
      "period": "Q4",
      "revenue": 9287000000,
      "costOfRevenue": 2148000000,
      "grossProfit": 7139000000,
      "researchAndDevelopmentExpenses": 1275000000,
      "generalAndAdministrativeExpenses": 632000000,
      "sellingAndMarketingExpenses": 3437000000,
      "sellingGeneralAndAdministrativeExpenses": 4069000000,
      "otherExpenses": 173000000,
      "operatingExpenses": 5517000000,
      "costAndExpenses": 7665000000,
      "netInterestIncome": 0,
      "interestIncome": 0,
      "interestExpense": 0,
      "depreciationAndAmortization": 953000000,
      "ebitda": 2754000000,
      "ebit": 1795000000,
      "nonOperatingIncomeExcludingInterest": -173000000,
      "operatingIncome": 1622000000,
      "totalOtherIncomeExpensesNet": 23000000,
      "incomeBeforeTax": 1645000000,
      "incomeTaxExpense": 199000000,
      "netIncomeFromContinuingOperations": 1446000000,
      "netIncomeFromDiscontinuedOperations": 0,
      "otherAdjustmentsToNetIncome": 0,
      "netIncome": 1446000000,
      "netIncomeDeductions": 0,
      "bottomLineNetIncome": 1446000000,
      "eps": 1.49,
      "epsDiluted": 1.47,
      "weightedAverageShsOut": 970000000,
      "weightedAverageShsOutDil": 983000000
    },
    {
      "date": "2023-10-31",
      "symbol": "CRM",
      "reportedCurrency": "USD",
      "cik": "0001108524",
      "filingDate": "2023-11-30",
      "acceptedDate": "2023-11-29 18:35:29",
      "fiscalYear": "2024",
      "period": "Q3",
      "revenue": 8720000000,
      "costOfRevenue": 2155000000,
      "grossProfit": 6565000000,
      "researchAndDevelopmentExpenses": 1204000000,
      "generalAndAdministrativeExpenses": 632000000,
      "sellingAndMarketingExpenses": 3173000000,
      "sellingGeneralAndAdministrativeExpenses": 3805000000,
      "otherExpenses": 55000000,
      "operatingExpenses": 5064000000,
      "costAndExpenses": 7219000000,
      "netInterestIncome": 0,
      "interestIncome": 0,
      "interestExpense": 0,
      "depreciationAndAmortization": 862000000,
      "ebitda": 2418000000,
      "ebit": 1556000000,
      "nonOperatingIncomeExcludingInterest": -55000000,
      "operatingIncome": 1501000000,
      "totalOtherIncomeExpensesNet": -14000000,
      "incomeBeforeTax": 1487000000,
      "incomeTaxExpense": 263000000,
      "netIncomeFromContinuingOperations": 1224000000,
      "netIncomeFromDiscontinuedOperations": 0,
      "otherAdjustmentsToNetIncome": 0,
      "netIncome": 1224000000,
      "netIncomeDeductions": 0,
      "bottomLineNetIncome": 1224000000,
      "eps": 1.26,
      "epsDiluted": 1.25,
      "weightedAverageShsOut": 972000000,
      "weightedAverageShsOutDil": 981000000
    },
    {
      "date": "2023-07-31",
      "symbol": "CRM",
      "reportedCurrency": "USD",
      "cik": "0001108524",
      "filingDate": "2023-08-31",
      "acceptedDate": "2023-08-30 18:22:33",
      "fiscalYear": "2024",
      "period": "Q2",
      "revenue": 8603000000,
      "costOfRevenue": 2113000000,
      "grossProfit": 6490000000,
      "researchAndDevelopmentExpenses": 1220000000,
      "generalAndAdministrativeExpenses": 632000000,
      "sellingAndMarketingExpenses": 3113000000,
      "sellingGeneralAndAdministrativeExpenses": 3745000000,
      "otherExpenses": 49000000,
      "operatingExpenses": 5014000000,
      "costAndExpenses": 7127000000,
      "netInterestIncome": 0,
      "interestIncome": 0,
      "interestExpense": 0,
      "depreciationAndAmortization": 890000000,
      "ebitda": 2415000000,
      "ebit": 1525000000,
      "nonOperatingIncomeExcludingInterest": -49000000,
      "operatingIncome": 1476000000,
      "totalOtherIncomeExpensesNet": 16000000,
      "incomeBeforeTax": 1492000000,
      "incomeTaxExpense": 225000000,
      "netIncomeFromContinuingOperations": 1267000000,
      "netIncomeFromDiscontinuedOperations": 0,
      "otherAdjustmentsToNetIncome": 0,
      "netIncome": 1267000000,
      "netIncomeDeductions": 0,
      "bottomLineNetIncome": 1267000000,
      "eps": 1.3,
      "epsDiluted": 1.28,
      "weightedAverageShsOut": 975000000,
      "weightedAverageShsOutDil": 986000000
    },
    {
      "date": "2023-04-30",
      "symbol": "CRM",
      "reportedCurrency": "USD",
      "cik": "0001108524",
      "filingDate": "2023-06-01",
      "acceptedDate": "2023-05-31 18:24:31",
      "fiscalYear": "2024",
      "period": "Q1",
      "revenue": 8247000000,
      "costOfRevenue": 2125000000,
      "grossProfit": 6122000000,
      "researchAndDevelopmentExpenses": 1207000000,
      "generalAndAdministrativeExpenses": 638000000,
      "sellingAndMarketingExpenses": 3154000000,
      "sellingGeneralAndAdministrativeExpenses": 3792000000,
      "otherExpenses": 711000000,
      "operatingExpenses": 5710000000,
      "costAndExpenses": 7835000000,
      "netInterestIncome": 0,
      "interestIncome": 0,
      "interestExpense": 0,
      "depreciationAndAmortization": 1254000000,
      "ebitda": 2377000000,
      "ebit": 1123000000,
      "nonOperatingIncomeExcludingInterest": -711000000,
      "operatingIncome": 412000000,
      "totalOtherIncomeExpensesNet": -86000000,
      "incomeBeforeTax": 326000000,
      "incomeTaxExpense": 127000000,
      "netIncomeFromContinuingOperations": 199000000,
      "netIncomeFromDiscontinuedOperations": 0,
      "otherAdjustmentsToNetIncome": 0,
      "netIncome": 199000000,
      "netIncomeDeductions": 0,
      "bottomLineNetIncome": 199000000,
      "eps": 0.2,
      "epsDiluted": 0.2,
      "weightedAverageShsOut": 988000000,
      "weightedAverageShsOutDil": 988000000
    },
    {
      "date": "2023-01-31",
      "symbol": "CRM",
      "reportedCurrency": "USD",
      "cik": "0001108524",
      "filingDate": "2023-03-08",
      "acceptedDate": "2023-03-08 16:41:15",
      "fiscalYear": "2023",
      "period": "Q4",
      "revenue": 8384000000,
      "costOfRevenue": 2100000000,
      "grossProfit": 6284000000,
      "researchAndDevelopmentExpenses": 1128000000,
      "generalAndAdministrativeExpenses": 586000000,
      "sellingAndMarketingExpenses": 3385000000,
      "sellingGeneralAndAdministrativeExpenses": 3971000000,
      "otherExpenses": 828000000,
      "operatingExpenses": 5927000000,
      "costAndExpenses": 8027000000,
      "netInterestIncome": 0,
      "interestIncome": 0,
      "interestExpense": 0,
      "depreciationAndAmortization": 1032000000,
      "ebitda": 2217000000,
      "ebit": 1185000000,
      "nonOperatingIncomeExcludingInterest": -828000000,
      "operatingIncome": 357000000,
      "totalOtherIncomeExpensesNet": -324000000,
      "incomeBeforeTax": 33000000,
      "incomeTaxExpense": 131000000,
      "netIncomeFromContinuingOperations": -98000000,
      "netIncomeFromDiscontinuedOperations": 0,
      "otherAdjustmentsToNetIncome": 0,
      "netIncome": -98000000,
      "netIncomeDeductions": 0,
      "bottomLineNetIncome": -98000000,
      "eps": -0.0996,
      "epsDiluted": -0.0996,
      "weightedAverageShsOut": 984000000,
      "weightedAverageShsOutDil": 984000000
    },
    {
      "date": "2022-10-31",
      "symbol": "CRM",
      "reportedCurrency": "USD",
      "cik": "0001108524",
      "filingDate": "2022-12-01",
      "acceptedDate": "2022-11-30 18:11:05",
      "fiscalYear": "2023",
      "period": "Q3",
      "revenue": 7837000000,
      "costOfRevenue": 2088000000,
      "grossProfit": 5749000000,
      "researchAndDevelopmentExpenses": 1280000000,
      "generalAndAdministrativeExpenses": 664000000,
      "sellingAndMarketingExpenses": 3345000000,
      "sellingGeneralAndAdministrativeExpenses": 4009000000,
      "otherExpenses": 0,
      "operatingExpenses": 5289000000,
      "costAndExpenses": 7377000000,
      "netInterestIncome": 0,
      "interestIncome": 0,
      "interestExpense": 0,
      "depreciationAndAmortization": 941000000,
      "ebitda": 1401000000,
      "ebit": 460000000,
      "nonOperatingIncomeExcludingInterest": 0,
      "operatingIncome": 460000000,
      "totalOtherIncomeExpensesNet": 15000000,
      "incomeBeforeTax": 475000000,
      "incomeTaxExpense": 265000000,
      "netIncomeFromContinuingOperations": 210000000,
      "netIncomeFromDiscontinuedOperations": 0,
      "otherAdjustmentsToNetIncome": 0,
      "netIncome": 210000000,
      "netIncomeDeductions": 0,
      "bottomLineNetIncome": 210000000,
      "eps": 0.21,
      "epsDiluted": 0.21,
      "weightedAverageShsOut": 997000000,
      "weightedAverageShsOutDil": 1000000000
    },
    {
      "date": "2022-07-31",
      "symbol": "CRM",
      "reportedCurrency": "USD",
      "cik": "0001108524",
      "filingDate": "2022-08-25",
      "acceptedDate": "2022-08-25 16:17:51",
      "fiscalYear": "2023",
      "period": "Q2",
      "revenue": 7720000000,
      "costOfRevenue": 2127000000,
      "grossProfit": 5593000000,
      "researchAndDevelopmentExpenses": 1329000000,
      "generalAndAdministrativeExpenses": 647000000,
      "sellingAndMarketingExpenses": 3424000000,
      "sellingGeneralAndAdministrativeExpenses": 4071000000,
      "otherExpenses": 0,
      "operatingExpenses": 5400000000,
      "costAndExpenses": 7527000000,
      "netInterestIncome": 0,
      "interestIncome": 0,
      "interestExpense": 0,
      "depreciationAndAmortization": 907000000,
      "ebitda": 1100000000,
      "ebit": 193000000,
      "nonOperatingIncomeExcludingInterest": 0,
      "operatingIncome": 193000000,
      "totalOtherIncomeExpensesNet": -12000000,
      "incomeBeforeTax": 181000000,
      "incomeTaxExpense": 113000000,
      "netIncomeFromContinuingOperations": 68000000,
      "netIncomeFromDiscontinuedOperations": 0,
      "otherAdjustmentsToNetIncome": 0,
      "netIncome": 68000000,
      "netIncomeDeductions": 0,
      "bottomLineNetIncome": 68000000,
      "eps": 0.0682,
      "epsDiluted": 0.0679,
      "weightedAverageShsOut": 997000000,
      "weightedAverageShsOutDil": 1001000000
    },
    {
      "date": "2022-04-30",
      "symbol": "CRM",
      "reportedCurrency": "USD",
      "cik": "0001108524",
      "filingDate": "2022-06-01",
      "acceptedDate": "2022-06-01 16:52:04",
      "fiscalYear": "2023",
      "period": "Q1",
      "revenue": 7411000000,
      "costOfRevenue": 2045000000,
      "grossProfit": 5366000000,
      "researchAndDevelopmentExpenses": 1318000000,
      "generalAndAdministrativeExpenses": 656000000,
      "sellingAndMarketingExpenses": 3372000000,
      "sellingGeneralAndAdministrativeExpenses": 4028000000,
      "otherExpenses": 0,
      "operatingExpenses": 5346000000,
      "costAndExpenses": 7391000000,
      "netInterestIncome": 0,
      "interestIncome": 0,
      "interestExpense": 0,
      "depreciationAndAmortization": 906000000,
      "ebitda": 926000000,
      "ebit": 20000000,
      "nonOperatingIncomeExcludingInterest": 0,
      "operatingIncome": 20000000,
      "totalOtherIncomeExpensesNet": -49000000,
      "incomeBeforeTax": -29000000,
      "incomeTaxExpense": -57000000,
      "netIncomeFromContinuingOperations": 28000000,
      "netIncomeFromDiscontinuedOperations": 0,
      "otherAdjustmentsToNetIncome": 0,
      "netIncome": 28000000,
      "netIncomeDeductions": 0,
      "bottomLineNetIncome": 28000000,
      "eps": 0.0283,
      "epsDiluted": 0.028,
      "weightedAverageShsOut": 991000000,
      "weightedAverageShsOutDil": 1001000000
    },
    {
      "date": "2022-01-31",
      "symbol": "CRM",
      "reportedCurrency": "USD",
      "cik": "0001108524",
      "filingDate": "2022-03-11",
      "acceptedDate": "2022-03-11 08:06:16",
      "fiscalYear": "2022",
      "period": "Q4",
      "revenue": 7326000000,
      "costOfRevenue": 2014000000,
      "grossProfit": 5312000000,
      "researchAndDevelopmentExpenses": 1291000000,
      "generalAndAdministrativeExpenses": 733000000,
      "sellingAndMarketingExpenses": 3464000000,
      "sellingGeneralAndAdministrativeExpenses": 4197000000,
      "otherExpenses": 0,
      "operatingExpenses": 5488000000,
      "costAndExpenses": 7502000000,
      "netInterestIncome": 0,
      "interestIncome": 0,
      "interestExpense": 0,
      "depreciationAndAmortization": 931000000,
      "ebitda": 755000000,
      "ebit": -176000000,
      "nonOperatingIncomeExcludingInterest": 0,
      "operatingIncome": -176000000,
      "totalOtherIncomeExpensesNet": -21000000,
      "incomeBeforeTax": -197000000,
      "incomeTaxExpense": -169000000,
      "netIncomeFromContinuingOperations": -28000000,
      "netIncomeFromDiscontinuedOperations": 0,
      "otherAdjustmentsToNetIncome": 0,
      "netIncome": -28000000,
      "netIncomeDeductions": 0,
      "bottomLineNetIncome": -28000000,
      "eps": -0.0284,
      "epsDiluted": -0.0284,
      "weightedAverageShsOut": 985000000,
      "weightedAverageShsOutDil": 986000000
    },
    {
      "date": "2021-10-31",
      "symbol": "CRM",
      "reportedCurrency": "USD",
      "cik": "0001108524",
      "filingDate": "2021-12-02",
      "acceptedDate": "2021-12-02 16:16:46",
      "fiscalYear": "2022",
      "period": "Q3",
      "revenue": 6863000000,
      "costOfRevenue": 1844000000,
      "grossProfit": 5019000000,
      "researchAndDevelopmentExpenses": 1203000000,
      "generalAndAdministrativeExpenses": 667000000,
      "sellingAndMarketingExpenses": 3111000000,
      "sellingGeneralAndAdministrativeExpenses": 3778000000,
      "otherExpenses": 0,
      "operatingExpenses": 4981000000,
      "costAndExpenses": 6825000000,
      "netInterestIncome": 0,
      "interestIncome": 0,
      "interestExpense": 0,
      "depreciationAndAmortization": 963000000,
      "ebitda": 1001000000,
      "ebit": 38000000,
      "nonOperatingIncomeExcludingInterest": 0,
      "operatingIncome": 38000000,
      "totalOtherIncomeExpensesNet": 261000000,
      "incomeBeforeTax": 299000000,
      "incomeTaxExpense": -169000000,
      "netIncomeFromContinuingOperations": 468000000,
      "netIncomeFromDiscontinuedOperations": 0,
      "otherAdjustmentsToNetIncome": 0,
      "netIncome": 468000000,
      "netIncomeDeductions": 0,
      "bottomLineNetIncome": 468000000,
      "eps": 0.48,
      "epsDiluted": 0.47,
      "weightedAverageShsOut": 980000000,
      "weightedAverageShsOutDil": 1001000000
    },
    {
      "date": "2021-07-31",
      "symbol": "CRM",
      "reportedCurrency": "USD",
      "cik": "0001108524",
      "filingDate": "2021-08-27",
      "acceptedDate": "2021-08-27 08:09:35",
      "fiscalYear": "2022",
      "period": "Q2",
      "revenue": 6340000000,
      "costOfRevenue": 1613000000,
      "grossProfit": 4727000000,
      "researchAndDevelopmentExpenses": 1020000000,
      "generalAndAdministrativeExpenses": 639000000,
      "sellingAndMarketingExpenses": 2736000000,
      "sellingGeneralAndAdministrativeExpenses": 3375000000,
      "otherExpenses": 0,
      "operatingExpenses": 4395000000,
      "costAndExpenses": 6008000000,
      "netInterestIncome": 0,
      "interestIncome": 0,
      "interestExpense": 0,
      "depreciationAndAmortization": 719000000,
      "ebitda": 1051000000,
      "ebit": 332000000,
      "nonOperatingIncomeExcludingInterest": 0,
      "operatingIncome": 332000000,
      "totalOtherIncomeExpensesNet": 494000000,
      "incomeBeforeTax": 826000000,
      "incomeTaxExpense": 291000000,
      "netIncomeFromContinuingOperations": 535000000,
      "netIncomeFromDiscontinuedOperations": 0,
      "otherAdjustmentsToNetIncome": 0,
      "netIncome": 535000000,
      "netIncomeDeductions": 0,
      "bottomLineNetIncome": 535000000,
      "eps": 0.57,
      "epsDiluted": 0.56,
      "weightedAverageShsOut": 933000000,
      "weightedAverageShsOutDil": 950000000
    },
    {
      "date": "2021-04-30",
      "symbol": "CRM",
      "reportedCurrency": "USD",
      "cik": "0001108524",
      "filingDate": "2021-06-02",
      "acceptedDate": "2021-06-02 08:08:29",
      "fiscalYear": "2022",
      "period": "Q1",
      "revenue": 5963000000,
      "costOfRevenue": 1555000000,
      "grossProfit": 4408000000,
      "researchAndDevelopmentExpenses": 951000000,
      "generalAndAdministrativeExpenses": 559000000,
      "sellingAndMarketingExpenses": 2544000000,
      "sellingGeneralAndAdministrativeExpenses": 3103000000,
      "otherExpenses": 0,
      "operatingExpenses": 4054000000,
      "costAndExpenses": 5609000000,
      "netInterestIncome": 0,
      "interestIncome": 0,
      "interestExpense": 0,
      "depreciationAndAmortization": 685000000,
      "ebitda": 1039000000,
      "ebit": 354000000,
      "nonOperatingIncomeExcludingInterest": 0,
      "operatingIncome": 354000000,
      "totalOtherIncomeExpensesNet": 250000000,
      "incomeBeforeTax": 604000000,
      "incomeTaxExpense": 135000000,
      "netIncomeFromContinuingOperations": 469000000,
      "netIncomeFromDiscontinuedOperations": 0,
      "otherAdjustmentsToNetIncome": 0,
      "netIncome": 469000000,
      "netIncomeDeductions": 0,
      "bottomLineNetIncome": 469000000,
      "eps": 0.51,
      "epsDiluted": 0.5,
      "weightedAverageShsOut": 921000000,
      "weightedAverageShsOutDil": 940000000
    },
    {
      "date": "2021-01-31",
      "symbol": "CRM",
      "reportedCurrency": "USD",
      "cik": "0001108524",
      "filingDate": "2021-03-17",
      "acceptedDate": "2022-02-24 16:13:45",
      "fiscalYear": "2021",
      "period": "Q4",
      "revenue": 5817000000,
      "costOfRevenue": 1479000000,
      "grossProfit": 4338000000,
      "researchAndDevelopmentExpenses": 939000000,
      "generalAndAdministrativeExpenses": 574000000,
      "sellingAndMarketingExpenses": 2632000000,
      "sellingGeneralAndAdministrativeExpenses": 3206000000,
      "otherExpenses": 0,
      "operatingExpenses": 4145000000,
      "costAndExpenses": 5624000000,
      "netInterestIncome": 0,
      "interestIncome": 0,
      "interestExpense": 0,
      "depreciationAndAmortization": 869000000,
      "ebitda": 1062000000,
      "ebit": 193000000,
      "nonOperatingIncomeExcludingInterest": 0,
      "operatingIncome": 193000000,
      "totalOtherIncomeExpensesNet": 232000000,
      "incomeBeforeTax": 425000000,
      "incomeTaxExpense": 158000000,
      "netIncomeFromContinuingOperations": 267000000,
      "netIncomeFromDiscontinuedOperations": 0,
      "otherAdjustmentsToNetIncome": 0,
      "netIncome": 267000000,
      "netIncomeDeductions": 0,
      "bottomLineNetIncome": 267000000,
      "eps": 0.29,
      "epsDiluted": 0.28,
      "weightedAverageShsOut": 916000000,
      "weightedAverageShsOutDil": 939000000
    },
    {
      "date": "2020-10-31",
      "symbol": "CRM",
      "reportedCurrency": "USD",
      "cik": "0001108524",
      "filingDate": "2020-12-04",
      "acceptedDate": "2020-12-04 08:43:26",
      "fiscalYear": "2021",
      "period": "Q3",
      "revenue": 5419000000,
      "costOfRevenue": 1394000000,
      "grossProfit": 4025000000,
      "researchAndDevelopmentExpenses": 902000000,
      "generalAndAdministrativeExpenses": 522000000,
      "sellingAndMarketingExpenses": 2377000000,
      "sellingGeneralAndAdministrativeExpenses": 2899000000,
      "otherExpenses": 0,
      "operatingExpenses": 3801000000,
      "costAndExpenses": 5195000000,
      "netInterestIncome": 0,
      "interestIncome": 0,
      "interestExpense": 0,
      "depreciationAndAmortization": 670000000,
      "ebitda": 894000000,
      "ebit": 224000000,
      "nonOperatingIncomeExcludingInterest": 0,
      "operatingIncome": 224000000,
      "totalOtherIncomeExpensesNet": 1026000000,
      "incomeBeforeTax": 1250000000,
      "incomeTaxExpense": 169000000,
      "netIncomeFromContinuingOperations": 1081000000,
      "netIncomeFromDiscontinuedOperations": 0,
      "otherAdjustmentsToNetIncome": 0,
      "netIncome": 1081000000,
      "netIncomeDeductions": 0,
      "bottomLineNetIncome": 1081000000,
      "eps": 1.19,
      "epsDiluted": 1.15,
      "weightedAverageShsOut": 911000000,
      "weightedAverageShsOutDil": 939000000
    },
    {
      "date": "2020-07-31",
      "symbol": "CRM",
      "reportedCurrency": "USD",
      "cik": "0001108524",
      "filingDate": "2020-08-28",
      "acceptedDate": "2020-08-28 07:59:20",
      "fiscalYear": "2021",
      "period": "Q2",
      "revenue": 5151000000,
      "costOfRevenue": 1311000000,
      "grossProfit": 3840000000,
      "researchAndDevelopmentExpenses": 898000000,
      "generalAndAdministrativeExpenses": 489000000,
      "sellingAndMarketingExpenses": 2275000000,
      "sellingGeneralAndAdministrativeExpenses": 2764000000,
      "otherExpenses": 0,
      "operatingExpenses": 3662000000,
      "costAndExpenses": 4973000000,
      "netInterestIncome": 0,
      "interestIncome": 0,
      "interestExpense": 0,
      "depreciationAndAmortization": 649000000,
      "ebitda": 827000000,
      "ebit": 178000000,
      "nonOperatingIncomeExcludingInterest": 0,
      "operatingIncome": 178000000,
      "totalOtherIncomeExpensesNet": 661000000,
      "incomeBeforeTax": 839000000,
      "incomeTaxExpense": -1786000000,
      "netIncomeFromContinuingOperations": 2625000000,
      "netIncomeFromDiscontinuedOperations": 0,
      "otherAdjustmentsToNetIncome": 0,
      "netIncome": 2625000000,
      "netIncomeDeductions": 0,
      "bottomLineNetIncome": 2625000000,
      "eps": 2.9,
      "epsDiluted": 2.85,
      "weightedAverageShsOut": 904000000,
      "weightedAverageShsOutDil": 922000000
    },
    {
      "date": "2020-04-30",
      "symbol": "CRM",
      "reportedCurrency": "USD",
      "cik": "0001108524",
      "filingDate": "2020-06-01",
      "acceptedDate": "2022-02-24 16:11:16",
      "fiscalYear": "2021",
      "period": "Q1",
      "revenue": 4865000000,
      "costOfRevenue": 1254000000,
      "grossProfit": 3611000000,
      "researchAndDevelopmentExpenses": 859000000,
      "generalAndAdministrativeExpenses": 502000000,
      "sellingAndMarketingExpenses": 2390000000,
      "sellingGeneralAndAdministrativeExpenses": 2892000000,
      "otherExpenses": 0,
      "operatingExpenses": 3751000000,
      "costAndExpenses": 5005000000,
      "netInterestIncome": 0,
      "interestIncome": 0,
      "interestExpense": 0,
      "depreciationAndAmortization": 658000000,
      "ebitda": 518000000,
      "ebit": -140000000,
      "nonOperatingIncomeExcludingInterest": 0,
      "operatingIncome": -140000000,
      "totalOtherIncomeExpensesNet": 187000000,
      "incomeBeforeTax": 47000000,
      "incomeTaxExpense": -52000000,
      "netIncomeFromContinuingOperations": 99000000,
      "netIncomeFromDiscontinuedOperations": 0,
      "otherAdjustmentsToNetIncome": 0,
      "netIncome": 99000000,
      "netIncomeDeductions": 0,
      "bottomLineNetIncome": 99000000,
      "eps": 0.11,
      "epsDiluted": 0.11,
      "weightedAverageShsOut": 896000000,
      "weightedAverageShsOutDil": 913000000
    },
    {
      "date": "2020-01-31",
      "symbol": "CRM",
      "reportedCurrency": "USD",
      "cik": "0001108524",
      "filingDate": "2020-03-05",
      "acceptedDate": "2020-03-05 16:29:57",
      "fiscalYear": "2020",
      "period": "Q4",
      "revenue": 4851000000,
      "costOfRevenue": 1220000000,
      "grossProfit": 3631000000,
      "researchAndDevelopmentExpenses": 831000000,
      "generalAndAdministrativeExpenses": 490000000,
      "sellingAndMarketingExpenses": 2346000000,
      "sellingGeneralAndAdministrativeExpenses": 2836000000,
      "otherExpenses": 0,
      "operatingExpenses": 3667000000,
      "costAndExpenses": 4887000000,
      "netInterestIncome": 0,
      "interestIncome": 0,
      "interestExpense": 0,
      "depreciationAndAmortization": 633000000,
      "ebitda": 597000000,
      "ebit": -36000000,
      "nonOperatingIncomeExcludingInterest": 0,
      "operatingIncome": -36000000,
      "totalOtherIncomeExpensesNet": 32000000,
      "incomeBeforeTax": -4000000,
      "incomeTaxExpense": 244000000,
      "netIncomeFromContinuingOperations": -248000000,
      "netIncomeFromDiscontinuedOperations": 0,
      "otherAdjustmentsToNetIncome": 0,
      "netIncome": -248000000,
      "netIncomeDeductions": 0,
      "bottomLineNetIncome": -248000000,
      "eps": -0.28,
      "epsDiluted": -0.28,
      "weightedAverageShsOut": 889000000,
      "weightedAverageShsOutDil": 889000000
    },
    {
      "date": "2019-10-31",
      "symbol": "CRM",
      "reportedCurrency": "USD",
      "cik": "0001108524",
      "filingDate": "2019-12-04",
      "acceptedDate": "2019-12-04 16:20:21",
      "fiscalYear": "2020",
      "period": "Q3",
      "revenue": 4513000000,
      "costOfRevenue": 1134000000,
      "grossProfit": 3379000000,
      "researchAndDevelopmentExpenses": 774000000,
      "generalAndAdministrativeExpenses": 477000000,
      "sellingAndMarketingExpenses": 2063000000,
      "sellingGeneralAndAdministrativeExpenses": 2540000000,
      "otherExpenses": 0,
      "operatingExpenses": 3314000000,
      "costAndExpenses": 4448000000,
      "netInterestIncome": 0,
      "interestIncome": 0,
      "interestExpense": 0,
      "depreciationAndAmortization": 608000000,
      "ebitda": 673000000,
      "ebit": 65000000,
      "nonOperatingIncomeExcludingInterest": 0,
      "operatingIncome": 65000000,
      "totalOtherIncomeExpensesNet": -1000000,
      "incomeBeforeTax": 64000000,
      "incomeTaxExpense": 173000000,
      "netIncomeFromContinuingOperations": -109000000,
      "netIncomeFromDiscontinuedOperations": 0,
      "otherAdjustmentsToNetIncome": 0,
      "netIncome": -109000000,
      "netIncomeDeductions": 0,
      "bottomLineNetIncome": -109000000,
      "eps": -0.12,
      "epsDiluted": -0.12,
      "weightedAverageShsOut": 879000000,
      "weightedAverageShsOutDil": 879000000
    },
    {
      "date": "2019-07-31",
      "symbol": "CRM",
      "reportedCurrency": "USD",
      "cik": "0001108524",
      "filingDate": "2019-08-23",
      "acceptedDate": "2019-08-23 16:38:05",
      "fiscalYear": "2020",
      "period": "Q2",
      "revenue": 3997000000,
      "costOfRevenue": 967000000,
      "grossProfit": 3030000000,
      "researchAndDevelopmentExpenses": 607000000,
      "generalAndAdministrativeExpenses": 375000000,
      "sellingAndMarketingExpenses": 1824000000,
      "sellingGeneralAndAdministrativeExpenses": 2199000000,
      "otherExpenses": 166000000,
      "operatingExpenses": 2972000000,
      "costAndExpenses": 3939000000,
      "netInterestIncome": -3000000,
      "interestIncome": 31000000,
      "interestExpense": 34000000,
      "depreciationAndAmortization": 395000000,
      "ebitda": 619000000,
      "ebit": 224000000,
      "nonOperatingIncomeExcludingInterest": -166000000,
      "operatingIncome": 58000000,
      "totalOtherIncomeExpensesNet": 106000000,
      "incomeBeforeTax": 164000000,
      "incomeTaxExpense": 73000000,
      "netIncomeFromContinuingOperations": 91000000,
      "netIncomeFromDiscontinuedOperations": 0,
      "otherAdjustmentsToNetIncome": 0,
      "netIncome": 91000000,
      "netIncomeDeductions": 0,
      "bottomLineNetIncome": 91000000,
      "eps": 0.12,
      "epsDiluted": 0.11,
      "weightedAverageShsOut": 776000000,
      "weightedAverageShsOutDil": 795000000
    },
    {
      "date": "2019-04-30",
      "symbol": "CRM",
      "reportedCurrency": "USD",
      "cik": "0001108524",
      "filingDate": "2019-06-05",
      "acceptedDate": "2019-06-05 16:17:30",
      "fiscalYear": "2020",
      "period": "Q1",
      "revenue": 3737000000,
      "costOfRevenue": 914000000,
      "grossProfit": 2823000000,
      "researchAndDevelopmentExpenses": 554000000,
      "generalAndAdministrativeExpenses": 362000000,
      "sellingAndMarketingExpenses": 1697000000,
      "sellingGeneralAndAdministrativeExpenses": 2059000000,
      "otherExpenses": 0,
      "operatingExpenses": 2613000000,
      "costAndExpenses": 3527000000,
      "netInterestIncome": 0,
      "interestIncome": 0,
      "interestExpense": 0,
      "depreciationAndAmortization": 376000000,
      "ebitda": 586000000,
      "ebit": 210000000,
      "nonOperatingIncomeExcludingInterest": 0,
      "operatingIncome": 210000000,
      "totalOtherIncomeExpensesNet": 272000000,
      "incomeBeforeTax": 482000000,
      "incomeTaxExpense": 90000000,
      "netIncomeFromContinuingOperations": 392000000,
      "netIncomeFromDiscontinuedOperations": 0,
      "otherAdjustmentsToNetIncome": 0,
      "netIncome": 392000000,
      "netIncomeDeductions": 0,
      "bottomLineNetIncome": 392000000,
      "eps": 0.51,
      "epsDiluted": 0.49,
      "weightedAverageShsOut": 771000000,
      "weightedAverageShsOutDil": 793000000
    },
    {
      "date": "2019-01-31",
      "symbol": "CRM",
      "reportedCurrency": "USD",
      "cik": "0001108524",
      "filingDate": "2019-03-08",
      "acceptedDate": "2019-03-08 08:04:49",
      "fiscalYear": "2019",
      "period": "Q4",
      "revenue": 3603000000,
      "costOfRevenue": 946000000,
      "grossProfit": 2657000000,
      "researchAndDevelopmentExpenses": 518000000,
      "generalAndAdministrativeExpenses": 359000000,
      "sellingAndMarketingExpenses": 1643000000,
      "sellingGeneralAndAdministrativeExpenses": 2002000000,
      "otherExpenses": 0,
      "operatingExpenses": 2520000000,
      "costAndExpenses": 3466000000,
      "netInterestIncome": -25000000,
      "interestIncome": 16000000,
      "interestExpense": 41000000,
      "depreciationAndAmortization": 273000000,
      "ebitda": 729000000,
      "ebit": 280000000,
      "nonOperatingIncomeExcludingInterest": -143000000,
      "operatingIncome": 137000000,
      "totalOtherIncomeExpensesNet": 102000000,
      "incomeBeforeTax": 239000000,
      "incomeTaxExpense": -123000000,
      "netIncomeFromContinuingOperations": 362000000,
      "netIncomeFromDiscontinuedOperations": 0,
      "otherAdjustmentsToNetIncome": 0,
      "netIncome": 362000000,
      "netIncomeDeductions": 0,
      "bottomLineNetIncome": 362000000,
      "eps": 0.47,
      "epsDiluted": 0.46,
      "weightedAverageShsOut": 766000000,
      "weightedAverageShsOutDil": 786000000
    },
    {
      "date": "2018-10-31",
      "symbol": "CRM",
      "reportedCurrency": "USD",
      "cik": "0001108524",
      "filingDate": "2018-11-28",
      "acceptedDate": "2018-11-28 16:36:12",
      "fiscalYear": "2019",
      "period": "Q3",
      "revenue": 3392000000,
      "costOfRevenue": 889000000,
      "grossProfit": 2503000000,
      "researchAndDevelopmentExpenses": 481000000,
      "generalAndAdministrativeExpenses": 342000000,
      "sellingAndMarketingExpenses": 1588000000,
      "sellingGeneralAndAdministrativeExpenses": 1930000000,
      "otherExpenses": 0,
      "operatingExpenses": 2411000000,
      "costAndExpenses": 3300000000,
      "netInterestIncome": -27000000,
      "interestIncome": 13000000,
      "interestExpense": 40000000,
      "depreciationAndAmortization": 257000000,
      "ebitda": 349000000,
      "ebit": 92000000,
      "nonOperatingIncomeExcludingInterest": 0,
      "operatingIncome": 92000000,
      "totalOtherIncomeExpensesNet": 36000000,
      "incomeBeforeTax": 128000000,
      "incomeTaxExpense": 23000000,
      "netIncomeFromContinuingOperations": 105000000,
      "netIncomeFromDiscontinuedOperations": 0,
      "otherAdjustmentsToNetIncome": 0,
      "netIncome": 105000000,
      "netIncomeDeductions": 0,
      "bottomLineNetIncome": 105000000,
      "eps": 0.14,
      "epsDiluted": 0.13,
      "weightedAverageShsOut": 760000000,
      "weightedAverageShsOutDil": 785000000
    },
    {
      "date": "2018-07-31",
      "symbol": "CRM",
      "reportedCurrency": "USD",
      "cik": "0001108524",
      "filingDate": "2018-08-31",
      "acceptedDate": "2018-08-31 16:29:15",
      "fiscalYear": "2019",
      "period": "Q2",
      "revenue": 3281000000,
      "costOfRevenue": 849000000,
      "grossProfit": 2432000000,
      "researchAndDevelopmentExpenses": 463000000,
      "generalAndAdministrativeExpenses": 350000000,
      "sellingAndMarketingExpenses": 1504000000,
      "sellingGeneralAndAdministrativeExpenses": 1854000000,
      "otherExpenses": 0,
      "operatingExpenses": 2317000000,
      "costAndExpenses": 3166000000,
      "netInterestIncome": -27000000,
      "interestIncome": 12000000,
      "interestExpense": 39000000,
      "depreciationAndAmortization": 253000000,
      "ebitda": 705000000,
      "ebit": 270000000,
      "nonOperatingIncomeExcludingInterest": -155000000,
      "operatingIncome": 115000000,
      "totalOtherIncomeExpensesNet": 116000000,
      "incomeBeforeTax": 231000000,
      "incomeTaxExpense": -68000000,
      "netIncomeFromContinuingOperations": 299000000,
      "netIncomeFromDiscontinuedOperations": 0,
      "otherAdjustmentsToNetIncome": 0,
      "netIncome": 299000000,
      "netIncomeDeductions": 0,
      "bottomLineNetIncome": 299000000,
      "eps": 0.4,
      "epsDiluted": 0.39,
      "weightedAverageShsOut": 747000000,
      "weightedAverageShsOutDil": 774000000
    },
    {
      "date": "2018-04-30",
      "symbol": "CRM",
      "reportedCurrency": "USD",
      "cik": "0001108524",
      "filingDate": "2018-05-31",
      "acceptedDate": "2018-05-31 16:19:40",
      "fiscalYear": "2019",
      "period": "Q1",
      "revenue": 3006000000,
      "costOfRevenue": 767000000,
      "grossProfit": 2239000000,
      "researchAndDevelopmentExpenses": 424000000,
      "generalAndAdministrativeExpenses": 295000000,
      "sellingAndMarketingExpenses": 1329000000,
      "sellingGeneralAndAdministrativeExpenses": 1624000000,
      "otherExpenses": 0,
      "operatingExpenses": 2048000000,
      "costAndExpenses": 2815000000,
      "netInterestIncome": -14000000,
      "interestIncome": 20000000,
      "interestExpense": 34000000,
      "depreciationAndAmortization": 197000000,
      "ebitda": 191000000,
      "ebit": 191000000,
      "nonOperatingIncomeExcludingInterest": 0,
      "operatingIncome": 191000000,
      "totalOtherIncomeExpensesNet": 194000000,
      "incomeBeforeTax": 385000000,
      "incomeTaxExpense": 41000000,
      "netIncomeFromContinuingOperations": 344000000,
      "netIncomeFromDiscontinuedOperations": 0,
      "otherAdjustmentsToNetIncome": 0,
      "netIncome": 344000000,
      "netIncomeDeductions": 0,
      "bottomLineNetIncome": 344000000,
      "eps": 0.47,
      "epsDiluted": 0.46,
      "weightedAverageShsOut": 729000000,
      "weightedAverageShsOutDil": 754000000
    },
    {
      "date": "2018-01-31",
      "symbol": "CRM",
      "reportedCurrency": "USD",
      "cik": "0001108524",
      "filingDate": "2018-03-09",
      "acceptedDate": "2018-03-09 17:01:46",
      "fiscalYear": "2018",
      "period": "Q4",
      "revenue": 2851003000,
      "costOfRevenue": 737792000,
      "grossProfit": 2113211000,
      "researchAndDevelopmentExpenses": 396547000,
      "generalAndAdministrativeExpenses": 274490000,
      "sellingAndMarketingExpenses": 1364305000,
      "sellingGeneralAndAdministrativeExpenses": 1638795000,
      "otherExpenses": 0,
      "operatingExpenses": 2035342000,
      "costAndExpenses": 2773134000,
      "netInterestIncome": -9514000,
      "interestIncome": 12047000,
      "interestExpense": 21561000,
      "depreciationAndAmortization": 187689000,
      "ebitda": 297467000,
      "ebit": 109778000,
      "nonOperatingIncomeExcludingInterest": -31909000,
      "operatingIncome": 77869000,
      "totalOtherIncomeExpensesNet": 10348000,
      "incomeBeforeTax": 88217000,
      "incomeTaxExpense": 20662000,
      "netIncomeFromContinuingOperations": 67555000,
      "netIncomeFromDiscontinuedOperations": 0,
      "otherAdjustmentsToNetIncome": 0,
      "netIncome": 67555000,
      "netIncomeDeductions": 0,
      "bottomLineNetIncome": 67555000,
      "eps": 0.09,
      "epsDiluted": 0.09,
      "weightedAverageShsOut": 724127000,
      "weightedAverageShsOutDil": 749464000
    },
    {
      "date": "2017-10-31",
      "symbol": "CRM",
      "reportedCurrency": "USD",
      "cik": "0001108524",
      "filingDate": "2017-11-22",
      "acceptedDate": "2017-11-22 16:19:37",
      "fiscalYear": "2018",
      "period": "Q3",
      "revenue": 2679841000,
      "costOfRevenue": 714000000,
      "grossProfit": 1987000000,
      "researchAndDevelopmentExpenses": 394000000,
      "generalAndAdministrativeExpenses": 271000000,
      "sellingAndMarketingExpenses": 1167000000,
      "sellingGeneralAndAdministrativeExpenses": 1438000000,
      "otherExpenses": 0,
      "operatingExpenses": 1832000000,
      "costAndExpenses": 2546000000,
      "netInterestIncome": -11000000,
      "interestIncome": 10000000,
      "interestExpense": 21000000,
      "depreciationAndAmortization": 188000000,
      "ebitda": 355000000,
      "ebit": 155000000,
      "nonOperatingIncomeExcludingInterest": 0,
      "operatingIncome": 155000000,
      "totalOtherIncomeExpensesNet": -9000000,
      "incomeBeforeTax": 146000000,
      "incomeTaxExpense": 39000000,
      "netIncomeFromContinuingOperations": 107000000,
      "netIncomeFromDiscontinuedOperations": 0,
      "otherAdjustmentsToNetIncome": 0,
      "netIncome": 107000000,
      "netIncomeDeductions": 0,
      "bottomLineNetIncome": 107000000,
      "eps": 0.07,
      "epsDiluted": 0.07,
      "weightedAverageShsOut": 717000000,
      "weightedAverageShsOutDil": 738000000
    },
    {
      "date": "2017-07-31",
      "symbol": "CRM",
      "reportedCurrency": "USD",
      "cik": "0001108524",
      "filingDate": "2017-08-25",
      "acceptedDate": "2017-08-25 16:19:47",
      "fiscalYear": "2018",
      "period": "Q2",
      "revenue": 2561589000,
      "costOfRevenue": 670000000,
      "grossProfit": 1907000000,
      "researchAndDevelopmentExpenses": 387000000,
      "generalAndAdministrativeExpenses": 283000000,
      "sellingAndMarketingExpenses": 1153000000,
      "sellingGeneralAndAdministrativeExpenses": 1436000000,
      "otherExpenses": 0,
      "operatingExpenses": 1823000000,
      "costAndExpenses": 2493000000,
      "netInterestIncome": -14000000,
      "interestIncome": 8000000,
      "interestExpense": 22000000,
      "depreciationAndAmortization": 192000000,
      "ebitda": 277000000,
      "ebit": 84000000,
      "nonOperatingIncomeExcludingInterest": 0,
      "operatingIncome": 84000000,
      "totalOtherIncomeExpensesNet": -21000000,
      "incomeBeforeTax": 63000000,
      "incomeTaxExpense": 17000000,
      "netIncomeFromContinuingOperations": 46000000,
      "netIncomeFromDiscontinuedOperations": 0,
      "otherAdjustmentsToNetIncome": 0,
      "netIncome": 46000000,
      "netIncomeDeductions": 0,
      "bottomLineNetIncome": 46000000,
      "eps": 0.02,
      "epsDiluted": 0.02,
      "weightedAverageShsOut": 712000000,
      "weightedAverageShsOutDil": 729000000
    },
    {
      "date": "2017-04-30",
      "symbol": "CRM",
      "reportedCurrency": "USD",
      "cik": "0001108524",
      "filingDate": "2017-05-22",
      "acceptedDate": "2017-05-22 16:06:44",
      "fiscalYear": "2018",
      "period": "Q1",
      "revenue": 2387579000,
      "costOfRevenue": 651000000,
      "grossProfit": 1746000000,
      "researchAndDevelopmentExpenses": 376000000,
      "generalAndAdministrativeExpenses": 260000000,
      "sellingAndMarketingExpenses": 1106000000,
      "sellingGeneralAndAdministrativeExpenses": 1366000000,
      "otherExpenses": 0,
      "operatingExpenses": 1742000000,
      "costAndExpenses": 2393000000,
      "netInterestIncome": -16000000,
      "interestIncome": 6000000,
      "interestExpense": 22000000,
      "depreciationAndAmortization": 185000000,
      "ebitda": 197000000,
      "ebit": 4000000,
      "nonOperatingIncomeExcludingInterest": 0,
      "operatingIncome": 4000000,
      "totalOtherIncomeExpensesNet": -14000000,
      "incomeBeforeTax": -10000000,
      "incomeTaxExpense": -11000000,
      "netIncomeFromContinuingOperations": 1000000,
      "netIncomeFromDiscontinuedOperations": 0,
      "otherAdjustmentsToNetIncome": 0,
      "netIncome": 1000000,
      "netIncomeDeductions": 0,
      "bottomLineNetIncome": 1000000,
      "eps": -0.01,
      "epsDiluted": -0.01,
      "weightedAverageShsOut": 706000000,
      "weightedAverageShsOutDil": 722000000
    },
    {
      "date": "2017-01-31",
      "symbol": "CRM",
      "reportedCurrency": "USD",
      "cik": "0001108524",
      "filingDate": "2017-03-06",
      "acceptedDate": "2017-03-06 16:38:50",
      "fiscalYear": "2017",
      "period": "Q4",
      "revenue": 2293988000,
      "costOfRevenue": 625957000,
      "grossProfit": 1668031000,
      "researchAndDevelopmentExpenses": 344192000,
      "generalAndAdministrativeExpenses": 257941000,
      "sellingAndMarketingExpenses": 1089243000,
      "sellingGeneralAndAdministrativeExpenses": 1347184000,
      "otherExpenses": 0,
      "operatingExpenses": 1691376000,
      "costAndExpenses": 2317333000,
      "netInterestIncome": -20383000,
      "interestIncome": 3940000,
      "interestExpense": 24323000,
      "depreciationAndAmortization": 180766000,
      "ebitda": 181620000,
      "ebit": 854000,
      "nonOperatingIncomeExcludingInterest": -24199000,
      "operatingIncome": -23345000,
      "totalOtherIncomeExpensesNet": -124000,
      "incomeBeforeTax": -23469000,
      "incomeTaxExpense": 27971000,
      "netIncomeFromContinuingOperations": -51440000,
      "netIncomeFromDiscontinuedOperations": 0,
      "otherAdjustmentsToNetIncome": 0,
      "netIncome": -51440000,
      "netIncomeDeductions": 0,
      "bottomLineNetIncome": -51440000,
      "eps": -0.07,
      "epsDiluted": -0.07,
      "weightedAverageShsOut": 700994000,
      "weightedAverageShsOutDil": 700994000
    },
    {
      "date": "2016-10-31",
      "symbol": "CRM",
      "reportedCurrency": "USD",
      "cik": "0001108524",
      "filingDate": "2016-11-21",
      "acceptedDate": "2016-11-21 17:18:34",
      "fiscalYear": "2017",
      "period": "Q3",
      "revenue": 2144775000,
      "costOfRevenue": 585522000,
      "grossProfit": 1559253000,
      "researchAndDevelopmentExpenses": 311459000,
      "generalAndAdministrativeExpenses": 246765000,
      "sellingAndMarketingExpenses": 997993000,
      "sellingGeneralAndAdministrativeExpenses": 1244758000,
      "otherExpenses": 0,
      "operatingExpenses": 1556217000,
      "costAndExpenses": 2141739000,
      "netInterestIncome": -18304000,
      "interestIncome": 3642000,
      "interestExpense": 21946000,
      "depreciationAndAmortization": 169346000,
      "ebitda": 178706000,
      "ebit": 3036000,
      "nonOperatingIncomeExcludingInterest": 0,
      "operatingIncome": 3036000,
      "totalOtherIncomeExpensesNet": -15622000,
      "incomeBeforeTax": -12586000,
      "incomeTaxExpense": 24723000,
      "netIncomeFromContinuingOperations": -37309000,
      "netIncomeFromDiscontinuedOperations": 0,
      "otherAdjustmentsToNetIncome": 0,
      "netIncome": -37309000,
      "netIncomeDeductions": 0,
      "bottomLineNetIncome": -37309000,
      "eps": -0.05,
      "epsDiluted": -0.05,
      "weightedAverageShsOut": 690468000,
      "weightedAverageShsOutDil": 690468000
    },
    {
      "date": "2016-07-31",
      "symbol": "CRM",
      "reportedCurrency": "USD",
      "cik": "0001108524",
      "filingDate": "2016-09-01",
      "acceptedDate": "2016-08-31 18:25:50",
      "fiscalYear": "2017",
      "period": "Q2",
      "revenue": 2036618000,
      "costOfRevenue": 525579000,
      "grossProfit": 1511039000,
      "researchAndDevelopmentExpenses": 291506000,
      "generalAndAdministrativeExpenses": 252051000,
      "sellingAndMarketingExpenses": 934931000,
      "sellingGeneralAndAdministrativeExpenses": 1186982000,
      "otherExpenses": 0,
      "operatingExpenses": 1478488000,
      "costAndExpenses": 2004067000,
      "netInterestIncome": -14162000,
      "interestIncome": 6546000,
      "interestExpense": 20708000,
      "depreciationAndAmortization": 149361000,
      "ebitda": 194352000,
      "ebit": 32551000,
      "nonOperatingIncomeExcludingInterest": 0,
      "operatingIncome": 32551000,
      "totalOtherIncomeExpensesNet": -8268000,
      "incomeBeforeTax": 24283000,
      "incomeTaxExpense": -205339000,
      "netIncomeFromContinuingOperations": 229622000,
      "netIncomeFromDiscontinuedOperations": 0,
      "otherAdjustmentsToNetIncome": 0,
      "netIncome": 229622000,
      "netIncomeDeductions": 0,
      "bottomLineNetIncome": 229622000,
      "eps": 0.34,
      "epsDiluted": 0.33,
      "weightedAverageShsOut": 681126000,
      "weightedAverageShsOutDil": 695968000
    },
    {
      "date": "2016-04-30",
      "symbol": "CRM",
      "reportedCurrency": "USD",
      "cik": "0001108524",
      "filingDate": "2016-05-20",
      "acceptedDate": "2016-05-20 16:56:10",
      "fiscalYear": "2017",
      "period": "Q1",
      "revenue": 1916603000,
      "costOfRevenue": 496981000,
      "grossProfit": 1419622000,
      "researchAndDevelopmentExpenses": 260970000,
      "generalAndAdministrativeExpenses": 210806000,
      "sellingAndMarketingExpenses": 895860000,
      "sellingGeneralAndAdministrativeExpenses": 1106666000,
      "otherExpenses": 0,
      "operatingExpenses": 1367636000,
      "costAndExpenses": 1864617000,
      "netInterestIncome": -14238000,
      "interestIncome": 7773000,
      "interestExpense": 22011000,
      "depreciationAndAmortization": 132772000,
      "ebitda": 191938000,
      "ebit": 51986000,
      "nonOperatingIncomeExcludingInterest": 0,
      "operatingIncome": 51986000,
      "totalOtherIncomeExpensesNet": -14831000,
      "incomeBeforeTax": 37155000,
      "incomeTaxExpense": -1604000,
      "netIncomeFromContinuingOperations": 38759000,
      "netIncomeFromDiscontinuedOperations": 0,
      "otherAdjustmentsToNetIncome": 0,
      "netIncome": 38759000,
      "netIncomeDeductions": 0,
      "bottomLineNetIncome": 38759000,
      "eps": 0.06,
      "epsDiluted": 0.06,
      "weightedAverageShsOut": 677514000,
      "weightedAverageShsOutDil": 686799000
    },
    {
      "date": "2016-01-31",
      "symbol": "CRM",
      "reportedCurrency": "USD",
      "cik": "0001108524",
      "filingDate": "2016-03-07",
      "acceptedDate": "2016-03-04 17:53:06",
      "fiscalYear": "2016",
      "period": "Q4",
      "revenue": 1809398000,
      "costOfRevenue": 443679000,
      "grossProfit": 1365719000,
      "researchAndDevelopmentExpenses": 250860000,
      "generalAndAdministrativeExpenses": 203924000,
      "sellingAndMarketingExpenses": 890375000,
      "sellingGeneralAndAdministrativeExpenses": 1094299000,
      "otherExpenses": 0,
      "operatingExpenses": 1345159000,
      "costAndExpenses": 1788838000,
      "netInterestIncome": -15238000,
      "interestIncome": 4227000,
      "interestExpense": 19465000,
      "depreciationAndAmortization": 131912000,
      "ebitda": 147234000,
      "ebit": 20560000,
      "nonOperatingIncomeExcludingInterest": 0,
      "operatingIncome": 20560000,
      "totalOtherIncomeExpensesNet": -24703000,
      "incomeBeforeTax": -4143000,
      "incomeTaxExpense": 21366000,
      "netIncomeFromContinuingOperations": -25509000,
      "netIncomeFromDiscontinuedOperations": 0,
      "otherAdjustmentsToNetIncome": 0,
      "netIncome": -25509000,
      "netIncomeDeductions": 0,
      "bottomLineNetIncome": -25509000,
      "eps": -0.04,
      "epsDiluted": -0.04,
      "weightedAverageShsOut": 643029997,
      "weightedAverageShsOutDil": 669025000
    },
    {
      "date": "2015-10-31",
      "symbol": "CRM",
      "reportedCurrency": "USD",
      "cik": "0001108524",
      "filingDate": "2015-11-20",
      "acceptedDate": "2015-11-20 17:06:41",
      "fiscalYear": "2016",
      "period": "Q3",
      "revenue": 1711967000,
      "costOfRevenue": 423683000,
      "grossProfit": 1288284000,
      "researchAndDevelopmentExpenses": 239212000,
      "generalAndAdministrativeExpenses": 186818000,
      "sellingAndMarketingExpenses": 818820000,
      "sellingGeneralAndAdministrativeExpenses": 1005638000,
      "otherExpenses": 0,
      "operatingExpenses": 1244850000,
      "costAndExpenses": 1668533000,
      "netInterestIncome": -14549000,
      "interestIncome": 3700000,
      "interestExpense": 18249000,
      "depreciationAndAmortization": 134236000,
      "ebitda": 195876000,
      "ebit": 43434000,
      "nonOperatingIncomeExcludingInterest": 0,
      "operatingIncome": 43434000,
      "totalOtherIncomeExpensesNet": -43000,
      "incomeBeforeTax": 43391000,
      "incomeTaxExpense": 68548000,
      "netIncomeFromContinuingOperations": -25157000,
      "netIncomeFromDiscontinuedOperations": 0,
      "otherAdjustmentsToNetIncome": 0,
      "netIncome": -25157000,
      "netIncomeDeductions": 0,
      "bottomLineNetIncome": -25157000,
      "eps": -0.04,
      "epsDiluted": -0.04,
      "weightedAverageShsOut": 664131000,
      "weightedAverageShsOutDil": 664131000
    }
  ]
}