{
  "ticker": "ELF",
  "endpoint": "income-statement",
  "fetched_at": "2025-09-05T14:21:14.871411",
  "data": [
    {
      "date": "2025-06-30",
      "symbol": "ELF",
      "reportedCurrency": "USD",
      "cik": "0001600033",
      "filingDate": "2025-08-07",
      "acceptedDate": "2025-08-07 16:25:46",
      "fiscalYear": "2026",
      "period": "Q1",
      "revenue": 353739000,
      "costOfRevenue": 109198000,
      "grossProfit": 244541000,
      "researchAndDevelopmentExpenses": 0,
      "generalAndAdministrativeExpenses": 0,
      "sellingAndMarketingExpenses": 0,
      "sellingGeneralAndAdministrativeExpenses": 195832000,
      "otherExpenses": 0,
      "operatingExpenses": 195832000,
      "costAndExpenses": 305030000,
      "netInterestIncome": -2632000,
      "interestIncome": 0,
      "interestExpense": 2632000,
      "depreciationAndAmortization": 13192000,
      "ebitda": 66938000,
      "ebit": 53746000,
      "nonOperatingIncomeExcludingInterest": -5037000,
      "operatingIncome": 48709000,
      "totalOtherIncomeExpensesNet": 2405000,
      "incomeBeforeTax": 51114000,
      "incomeTaxExpense": 17803000,
      "netIncomeFromContinuingOperations": 33311000,
      "netIncomeFromDiscontinuedOperations": 0,
      "otherAdjustmentsToNetIncome": 0,
      "netIncome": 33311000,
      "netIncomeDeductions": 0,
      "bottomLineNetIncome": 33311000,
      "eps": 0.59,
      "epsDiluted": 0.58,
      "weightedAverageShsOut": 56328483,
      "weightedAverageShsOutDil": 57675035
    },
    {
      "date": "2025-03-31",
      "symbol": "ELF",
      "reportedCurrency": "USD",
      "cik": "0001600033",
      "filingDate": "2025-05-29",
      "acceptedDate": "2025-05-28 17:57:59",
      "fiscalYear": "2025",
      "period": "Q4",
      "revenue": 332645000,
      "costOfRevenue": 95606000,
      "grossProfit": 237039000,
      "researchAndDevelopmentExpenses": 0,
      "generalAndAdministrativeExpenses": 0,
      "sellingAndMarketingExpenses": 0,
      "sellingGeneralAndAdministrativeExpenses": 192723000,
      "otherExpenses": 0,
      "operatingExpenses": 192723000,
      "costAndExpenses": 288329000,
      "netInterestIncome": -2860000,
      "interestIncome": 0,
      "interestExpense": 2860000,
      "depreciationAndAmortization": 13216000,
      "ebitda": 62938000,
      "ebit": 49722000,
      "nonOperatingIncomeExcludingInterest": -5406000,
      "operatingIncome": 44316000,
      "totalOtherIncomeExpensesNet": -279000,
      "incomeBeforeTax": 44037000,
      "incomeTaxExpense": 15784000,
      "netIncomeFromContinuingOperations": 28253000,
      "netIncomeFromDiscontinuedOperations": 0,
      "otherAdjustmentsToNetIncome": 0,
      "netIncome": 28253000,
      "netIncomeDeductions": 0,
      "bottomLineNetIncome": 28253000,
      "eps": 0.17,
      "epsDiluted": 0.18,
      "weightedAverageShsOut": 57640000,
      "weightedAverageShsOutDil": 58345000
    },
    {
      "date": "2024-12-31",
      "symbol": "ELF",
      "reportedCurrency": "USD",
      "cik": "0001600033",
      "filingDate": "2025-02-07",
      "acceptedDate": "2025-02-07 16:04:39",
      "fiscalYear": "2025",
      "period": "Q3",
      "revenue": 355320000,
      "costOfRevenue": 102015000,
      "grossProfit": 253305000,
      "researchAndDevelopmentExpenses": 0,
      "generalAndAdministrativeExpenses": 0,
      "sellingAndMarketingExpenses": 0,
      "sellingGeneralAndAdministrativeExpenses": 218220000,
      "otherExpenses": 0,
      "operatingExpenses": 218220000,
      "costAndExpenses": 320235000,
      "netInterestIncome": -3527000,
      "interestIncome": 0,
      "interestExpense": 3527000,
      "depreciationAndAmortization": 7096000,
      "ebitda": 36903000,
      "ebit": 29807000,
      "nonOperatingIncomeExcludingInterest": 5278000,
      "operatingIncome": 35085000,
      "totalOtherIncomeExpensesNet": -8805000,
      "incomeBeforeTax": 26280000,
      "incomeTaxExpense": -9019000,
      "netIncomeFromContinuingOperations": 35299000,
      "netIncomeFromDiscontinuedOperations": 0,
      "otherAdjustmentsToNetIncome": 0,
      "netIncome": 35299000,
      "netIncomeDeductions": 0,
      "bottomLineNetIncome": 35299000,
      "eps": 0.63,
      "epsDiluted": 0.6,
      "weightedAverageShsOut": 56358694,
      "weightedAverageShsOutDil": 58353219
    },
    {
      "date": "2024-09-30",
      "symbol": "ELF",
      "reportedCurrency": "USD",
      "cik": "0001600033",
      "filingDate": "2024-11-07",
      "acceptedDate": "2024-11-07 16:03:01",
      "fiscalYear": "2025",
      "period": "Q2",
      "revenue": 301075000,
      "costOfRevenue": 87016000,
      "grossProfit": 214059000,
      "researchAndDevelopmentExpenses": 0,
      "generalAndAdministrativeExpenses": 0,
      "sellingAndMarketingExpenses": 0,
      "sellingGeneralAndAdministrativeExpenses": 186141000,
      "otherExpenses": 0,
      "operatingExpenses": 186141000,
      "costAndExpenses": 273157000,
      "netInterestIncome": -3761000,
      "interestIncome": 0,
      "interestExpense": 3761000,
      "depreciationAndAmortization": 14745000,
      "ebitda": 42663000,
      "ebit": 27918000,
      "nonOperatingIncomeExcludingInterest": 0,
      "operatingIncome": 27918000,
      "totalOtherIncomeExpensesNet": 30000,
      "incomeBeforeTax": 27948000,
      "incomeTaxExpense": 8928000,
      "netIncomeFromContinuingOperations": 19020000,
      "netIncomeFromDiscontinuedOperations": 0,
      "otherAdjustmentsToNetIncome": 0,
      "netIncome": 19020000,
      "netIncomeDeductions": 0,
      "bottomLineNetIncome": 19020000,
      "eps": 0.34,
      "epsDiluted": 0.33,
      "weightedAverageShsOut": 56345648,
      "weightedAverageShsOutDil": 58482530
    },
    {
      "date": "2024-06-30",
      "symbol": "ELF",
      "reportedCurrency": "USD",
      "cik": "0001600033",
      "filingDate": "2024-08-09",
      "acceptedDate": "2024-08-08 17:50:38",
      "fiscalYear": "2025",
      "period": "Q1",
      "revenue": 324477000,
      "costOfRevenue": 93194000,
      "grossProfit": 231283000,
      "researchAndDevelopmentExpenses": 0,
      "generalAndAdministrativeExpenses": 0,
      "sellingAndMarketingExpenses": 0,
      "sellingGeneralAndAdministrativeExpenses": 180575000,
      "otherExpenses": 0,
      "operatingExpenses": 180575000,
      "costAndExpenses": 273769000,
      "netInterestIncome": -3665000,
      "interestIncome": 0,
      "interestExpense": 3665000,
      "depreciationAndAmortization": 9058000,
      "ebitda": 59953000,
      "ebit": 50895000,
      "nonOperatingIncomeExcludingInterest": -187000,
      "operatingIncome": 50708000,
      "totalOtherIncomeExpensesNet": -3478000,
      "incomeBeforeTax": 47230000,
      "incomeTaxExpense": -325000,
      "netIncomeFromContinuingOperations": 47555000,
      "netIncomeFromDiscontinuedOperations": 0,
      "otherAdjustmentsToNetIncome": null,
      "netIncome": 47555000,
      "netIncomeDeductions": null,
      "bottomLineNetIncome": 47555000,
      "eps": 0.85,
      "epsDiluted": 0.81,
      "weightedAverageShsOut": 55973914,
      "weightedAverageShsOutDil": 58551423
    },
    {
      "date": "2024-03-31",
      "symbol": "ELF",
      "reportedCurrency": "USD",
      "cik": "0001600033",
      "filingDate": "2024-05-23",
      "acceptedDate": "2024-05-23 16:14:49",
      "fiscalYear": "2024",
      "period": "Q4",
      "revenue": 321143000,
      "costOfRevenue": 93941000,
      "grossProfit": 227202000,
      "researchAndDevelopmentExpenses": 0,
      "generalAndAdministrativeExpenses": 0,
      "sellingAndMarketingExpenses": 0,
      "sellingGeneralAndAdministrativeExpenses": 210172000,
      "otherExpenses": 0,
      "operatingExpenses": 210172000,
      "costAndExpenses": 304113000,
      "netInterestIncome": -4002000,
      "interestIncome": 0,
      "interestExpense": 4002000,
      "depreciationAndAmortization": 11666000,
      "ebitda": 31236000,
      "ebit": 19570000,
      "nonOperatingIncomeExcludingInterest": -2540000,
      "operatingIncome": 17030000,
      "totalOtherIncomeExpensesNet": -5849000,
      "incomeBeforeTax": 11181000,
      "incomeTaxExpense": -3346000,
      "netIncomeFromContinuingOperations": 14527000,
      "netIncomeFromDiscontinuedOperations": 0,
      "otherAdjustmentsToNetIncome": null,
      "netIncome": 14527000,
      "netIncomeDeductions": null,
      "bottomLineNetIncome": 14527000,
      "eps": 0.26,
      "epsDiluted": 0.25,
      "weightedAverageShsOut": 55465190,
      "weightedAverageShsOutDil": 58487557
    },
    {
      "date": "2023-12-31",
      "symbol": "ELF",
      "reportedCurrency": "USD",
      "cik": "0001600033",
      "filingDate": "2024-02-07",
      "acceptedDate": "2024-02-07 16:03:42",
      "fiscalYear": "2024",
      "period": "Q3",
      "revenue": 270943000,
      "costOfRevenue": 78986000,
      "grossProfit": 191957000,
      "researchAndDevelopmentExpenses": 0,
      "generalAndAdministrativeExpenses": 0,
      "sellingAndMarketingExpenses": 0,
      "sellingGeneralAndAdministrativeExpenses": 160121000,
      "otherExpenses": 0,
      "operatingExpenses": 160121000,
      "costAndExpenses": 239107000,
      "netInterestIncome": -3985000,
      "interestIncome": 0,
      "interestExpense": 3985000,
      "depreciationAndAmortization": 8134000,
      "ebitda": 42535000,
      "ebit": 34401000,
      "nonOperatingIncomeExcludingInterest": -2565000,
      "operatingIncome": 31836000,
      "totalOtherIncomeExpensesNet": -1420000,
      "incomeBeforeTax": 30416000,
      "incomeTaxExpense": 3528000,
      "netIncomeFromContinuingOperations": 26888000,
      "netIncomeFromDiscontinuedOperations": 0,
      "otherAdjustmentsToNetIncome": null,
      "netIncome": 26888000,
      "netIncomeDeductions": null,
      "bottomLineNetIncome": 26888000,
      "eps": 0.49,
      "epsDiluted": 0.46,
      "weightedAverageShsOut": 55140887,
      "weightedAverageShsOutDil": 58030115
    },
    {
      "date": "2023-09-30",
      "symbol": "ELF",
      "reportedCurrency": "USD",
      "cik": "0001600033",
      "filingDate": "2023-11-02",
      "acceptedDate": "2023-11-02 16:04:34",
      "fiscalYear": "2024",
      "period": "Q2",
      "revenue": 215507000,
      "costOfRevenue": 63142000,
      "grossProfit": 152365000,
      "researchAndDevelopmentExpenses": 0,
      "generalAndAdministrativeExpenses": 0,
      "sellingAndMarketingExpenses": 0,
      "sellingGeneralAndAdministrativeExpenses": 112186000,
      "otherExpenses": 0,
      "operatingExpenses": 112186000,
      "costAndExpenses": 175328000,
      "netInterestIncome": 623000,
      "interestIncome": 623000,
      "interestExpense": 0,
      "depreciationAndAmortization": 6674000,
      "ebitda": 46853000,
      "ebit": 40179000,
      "nonOperatingIncomeExcludingInterest": 0,
      "operatingIncome": 40179000,
      "totalOtherIncomeExpensesNet": -439000,
      "incomeBeforeTax": 39740000,
      "incomeTaxExpense": 6469000,
      "netIncomeFromContinuingOperations": 33271000,
      "netIncomeFromDiscontinuedOperations": 0,
      "otherAdjustmentsToNetIncome": null,
      "netIncome": 33271000,
      "netIncomeDeductions": null,
      "bottomLineNetIncome": 33271000,
      "eps": 0.61,
      "epsDiluted": 0.58,
      "weightedAverageShsOut": 54425384,
      "weightedAverageShsOutDil": 57438152
    },
    {
      "date": "2023-06-30",
      "symbol": "ELF",
      "reportedCurrency": "USD",
      "cik": "0001600033",
      "filingDate": "2023-08-02",
      "acceptedDate": "2023-08-02 16:10:45",
      "fiscalYear": "2024",
      "period": "Q1",
      "revenue": 216339000,
      "costOfRevenue": 63767000,
      "grossProfit": 152572000,
      "researchAndDevelopmentExpenses": 0,
      "generalAndAdministrativeExpenses": 0,
      "sellingAndMarketingExpenses": 0,
      "sellingGeneralAndAdministrativeExpenses": 91939000,
      "otherExpenses": 0,
      "operatingExpenses": 91939000,
      "costAndExpenses": 155706000,
      "netInterestIncome": 341000,
      "interestIncome": 341000,
      "interestExpense": 0,
      "depreciationAndAmortization": 5637000,
      "ebitda": 66270000,
      "ebit": 60633000,
      "nonOperatingIncomeExcludingInterest": 0,
      "operatingIncome": 60633000,
      "totalOtherIncomeExpensesNet": -980000,
      "incomeBeforeTax": 59653000,
      "incomeTaxExpense": 6676000,
      "netIncomeFromContinuingOperations": 52977000,
      "netIncomeFromDiscontinuedOperations": 0,
      "otherAdjustmentsToNetIncome": null,
      "netIncome": 52977000,
      "netIncomeDeductions": null,
      "bottomLineNetIncome": 52977000,
      "eps": 0.98,
      "epsDiluted": 0.93,
      "weightedAverageShsOut": 53938136,
      "weightedAverageShsOutDil": 57175870
    },
    {
      "date": "2023-03-31",
      "symbol": "ELF",
      "reportedCurrency": "USD",
      "cik": "0001600033",
      "filingDate": "2023-05-25",
      "acceptedDate": "2023-05-25 16:11:45",
      "fiscalYear": "2023",
      "period": "Q4",
      "revenue": 187357000,
      "costOfRevenue": 58231000,
      "grossProfit": 129126000,
      "researchAndDevelopmentExpenses": 0,
      "generalAndAdministrativeExpenses": 0,
      "sellingAndMarketingExpenses": 0,
      "sellingGeneralAndAdministrativeExpenses": 121081000,
      "otherExpenses": 0,
      "operatingExpenses": 121081000,
      "costAndExpenses": 179312000,
      "netInterestIncome": -106000,
      "interestIncome": 0,
      "interestExpense": 106000,
      "depreciationAndAmortization": 5668000,
      "ebitda": 15659000,
      "ebit": 9991000,
      "nonOperatingIncomeExcludingInterest": -1946000,
      "operatingIncome": 8045000,
      "totalOtherIncomeExpensesNet": 214000,
      "incomeBeforeTax": 8259000,
      "incomeTaxExpense": -7987000,
      "netIncomeFromContinuingOperations": 16246000,
      "netIncomeFromDiscontinuedOperations": 0,
      "otherAdjustmentsToNetIncome": null,
      "netIncome": 16246000,
      "netIncomeDeductions": null,
      "bottomLineNetIncome": 16246000,
      "eps": 0.31,
      "epsDiluted": 0.29,
      "weightedAverageShsOut": 53189447,
      "weightedAverageShsOutDil": 56641510
    },
    {
      "date": "2022-12-31",
      "symbol": "ELF",
      "reportedCurrency": "USD",
      "cik": "0001600033",
      "filingDate": "2023-02-02",
      "acceptedDate": "2023-02-02 16:06:56",
      "fiscalYear": "2023",
      "period": "Q3",
      "revenue": 146537000,
      "costOfRevenue": 47812000,
      "grossProfit": 98725000,
      "researchAndDevelopmentExpenses": 0,
      "generalAndAdministrativeExpenses": 0,
      "sellingAndMarketingExpenses": 0,
      "sellingGeneralAndAdministrativeExpenses": 75434000,
      "otherExpenses": 0,
      "operatingExpenses": 75434000,
      "costAndExpenses": 123246000,
      "netInterestIncome": -463000,
      "interestIncome": 0,
      "interestExpense": 463000,
      "depreciationAndAmortization": 5421000,
      "ebitda": 29266000,
      "ebit": 23845000,
      "nonOperatingIncomeExcludingInterest": -554000,
      "operatingIncome": 23291000,
      "totalOtherIncomeExpensesNet": 91000,
      "incomeBeforeTax": 23382000,
      "incomeTaxExpense": 4277000,
      "netIncomeFromContinuingOperations": 19105000,
      "netIncomeFromDiscontinuedOperations": 0,
      "otherAdjustmentsToNetIncome": null,
      "netIncome": 19105000,
      "netIncomeDeductions": null,
      "bottomLineNetIncome": 19105000,
      "eps": 0.36,
      "epsDiluted": 0.34,
      "weightedAverageShsOut": 52707406,
      "weightedAverageShsOutDil": 55840137
    },
    {
      "date": "2022-09-30",
      "symbol": "ELF",
      "reportedCurrency": "USD",
      "cik": "0001600033",
      "filingDate": "2022-11-03",
      "acceptedDate": "2022-11-03 16:08:28",
      "fiscalYear": "2023",
      "period": "Q2",
      "revenue": 122349000,
      "costOfRevenue": 42789000,
      "grossProfit": 79560000,
      "researchAndDevelopmentExpenses": 0,
      "generalAndAdministrativeExpenses": 0,
      "sellingAndMarketingExpenses": 0,
      "sellingGeneralAndAdministrativeExpenses": 64183000,
      "otherExpenses": 0,
      "operatingExpenses": 64183000,
      "costAndExpenses": 106972000,
      "netInterestIncome": -786000,
      "interestIncome": 0,
      "interestExpense": 786000,
      "depreciationAndAmortization": 5351000,
      "ebitda": 20728000,
      "ebit": 15377000,
      "nonOperatingIncomeExcludingInterest": 0,
      "operatingIncome": 15377000,
      "totalOtherIncomeExpensesNet": -2048000,
      "incomeBeforeTax": 13329000,
      "incomeTaxExpense": 1619000,
      "netIncomeFromContinuingOperations": 11710000,
      "netIncomeFromDiscontinuedOperations": 0,
      "otherAdjustmentsToNetIncome": null,
      "netIncome": 11710000,
      "netIncomeDeductions": null,
      "bottomLineNetIncome": 11710000,
      "eps": 0.22,
      "epsDiluted": 0.21,
      "weightedAverageShsOut": 52298905,
      "weightedAverageShsOutDil": 55037514
    },
    {
      "date": "2022-06-30",
      "symbol": "ELF",
      "reportedCurrency": "USD",
      "cik": "0001600033",
      "filingDate": "2022-08-04",
      "acceptedDate": "2022-08-04 16:17:35",
      "fiscalYear": "2023",
      "period": "Q1",
      "revenue": 122601000,
      "costOfRevenue": 39616000,
      "grossProfit": 82985000,
      "researchAndDevelopmentExpenses": 0,
      "generalAndAdministrativeExpenses": 0,
      "sellingAndMarketingExpenses": 0,
      "sellingGeneralAndAdministrativeExpenses": 61555000,
      "otherExpenses": 0,
      "operatingExpenses": 61555000,
      "costAndExpenses": 101171000,
      "netInterestIncome": -663000,
      "interestIncome": 0,
      "interestExpense": 663000,
      "depreciationAndAmortization": 5724000,
      "ebitda": 27154000,
      "ebit": 21430000,
      "nonOperatingIncomeExcludingInterest": 0,
      "operatingIncome": 21430000,
      "totalOtherIncomeExpensesNet": -2326000,
      "incomeBeforeTax": 19104000,
      "incomeTaxExpense": 4635000,
      "netIncomeFromContinuingOperations": 14469000,
      "netIncomeFromDiscontinuedOperations": 0,
      "otherAdjustmentsToNetIncome": null,
      "netIncome": 14469000,
      "netIncomeDeductions": null,
      "bottomLineNetIncome": 14469000,
      "eps": 0.28,
      "epsDiluted": 0.27,
      "weightedAverageShsOut": 51707160,
      "weightedAverageShsOutDil": 53834732
    },
    {
      "date": "2022-03-31",
      "symbol": "ELF",
      "reportedCurrency": "USD",
      "cik": "0001600033",
      "filingDate": "2022-05-26",
      "acceptedDate": "2022-05-26 17:15:27",
      "fiscalYear": "2022",
      "period": "Q4",
      "revenue": 105135000,
      "costOfRevenue": 37635000,
      "grossProfit": 67500000,
      "researchAndDevelopmentExpenses": 0,
      "generalAndAdministrativeExpenses": 0,
      "sellingAndMarketingExpenses": 0,
      "sellingGeneralAndAdministrativeExpenses": 65332000,
      "otherExpenses": -18000,
      "operatingExpenses": 65314000,
      "costAndExpenses": 102949000,
      "netInterestIncome": -529000,
      "interestIncome": 0,
      "interestExpense": 529000,
      "depreciationAndAmortization": 6766000,
      "ebitda": 8140000,
      "ebit": 1374000,
      "nonOperatingIncomeExcludingInterest": 812000,
      "operatingIncome": 2186000,
      "totalOtherIncomeExpensesNet": -1013000,
      "incomeBeforeTax": 1173000,
      "incomeTaxExpense": -383000,
      "netIncomeFromContinuingOperations": 1556000,
      "netIncomeFromDiscontinuedOperations": 0,
      "otherAdjustmentsToNetIncome": null,
      "netIncome": 1556000,
      "netIncomeDeductions": null,
      "bottomLineNetIncome": 1556000,
      "eps": 0.03,
      "epsDiluted": 0.03,
      "weightedAverageShsOut": 51273325,
      "weightedAverageShsOutDil": 53778530
    },
    {
      "date": "2021-12-31",
      "symbol": "ELF",
      "reportedCurrency": "USD",
      "cik": "0001600033",
      "filingDate": "2022-02-03",
      "acceptedDate": "2022-02-03 16:08:14",
      "fiscalYear": "2022",
      "period": "Q3",
      "revenue": 98118000,
      "costOfRevenue": 33777000,
      "grossProfit": 64341000,
      "researchAndDevelopmentExpenses": 0,
      "generalAndAdministrativeExpenses": 0,
      "sellingAndMarketingExpenses": 0,
      "sellingGeneralAndAdministrativeExpenses": 55384000,
      "otherExpenses": -14000,
      "operatingExpenses": 55370000,
      "costAndExpenses": 89147000,
      "netInterestIncome": -570000,
      "interestIncome": 0,
      "interestExpense": 570000,
      "depreciationAndAmortization": 6968000,
      "ebitda": 15793000,
      "ebit": 8825000,
      "nonOperatingIncomeExcludingInterest": 146000,
      "operatingIncome": 8971000,
      "totalOtherIncomeExpensesNet": -716000,
      "incomeBeforeTax": 8255000,
      "incomeTaxExpense": 2041000,
      "netIncomeFromContinuingOperations": 6214000,
      "netIncomeFromDiscontinuedOperations": 0,
      "otherAdjustmentsToNetIncome": null,
      "netIncome": 6214000,
      "netIncomeDeductions": null,
      "bottomLineNetIncome": 6214000,
      "eps": 0.12,
      "epsDiluted": 0.12,
      "weightedAverageShsOut": 51072639,
      "weightedAverageShsOutDil": 53891438
    },
    {
      "date": "2021-09-30",
      "symbol": "ELF",
      "reportedCurrency": "USD",
      "cik": "0001600033",
      "filingDate": "2021-11-04",
      "acceptedDate": "2021-11-04 16:11:59",
      "fiscalYear": "2022",
      "period": "Q2",
      "revenue": 91855000,
      "costOfRevenue": 33870000,
      "grossProfit": 57985000,
      "researchAndDevelopmentExpenses": 0,
      "generalAndAdministrativeExpenses": 0,
      "sellingAndMarketingExpenses": 0,
      "sellingGeneralAndAdministrativeExpenses": 50447000,
      "otherExpenses": 96000,
      "operatingExpenses": 50543000,
      "costAndExpenses": 84413000,
      "netInterestIncome": -597000,
      "interestIncome": 0,
      "interestExpense": 597000,
      "depreciationAndAmortization": 7127000,
      "ebitda": 13923000,
      "ebit": 6796000,
      "nonOperatingIncomeExcludingInterest": 646000,
      "operatingIncome": 7442000,
      "totalOtherIncomeExpensesNet": -1243000,
      "incomeBeforeTax": 6199000,
      "incomeTaxExpense": 475000,
      "netIncomeFromContinuingOperations": 5724000,
      "netIncomeFromDiscontinuedOperations": 0,
      "otherAdjustmentsToNetIncome": null,
      "netIncome": 5724000,
      "netIncomeDeductions": null,
      "bottomLineNetIncome": 5724000,
      "eps": 0.11,
      "epsDiluted": 0.11,
      "weightedAverageShsOut": 50875618,
      "weightedAverageShsOutDil": 53541724
    },
    {
      "date": "2021-06-30",
      "symbol": "ELF",
      "reportedCurrency": "USD",
      "cik": "0001600033",
      "filingDate": "2021-08-05",
      "acceptedDate": "2021-08-05 16:14:59",
      "fiscalYear": "2022",
      "period": "Q1",
      "revenue": 97047000,
      "costOfRevenue": 35141000,
      "grossProfit": 61906000,
      "researchAndDevelopmentExpenses": 0,
      "generalAndAdministrativeExpenses": 0,
      "sellingAndMarketingExpenses": 0,
      "sellingGeneralAndAdministrativeExpenses": 50749000,
      "otherExpenses": -14000,
      "operatingExpenses": 50735000,
      "costAndExpenses": 85876000,
      "netInterestIncome": -745000,
      "interestIncome": 0,
      "interestExpense": 745000,
      "depreciationAndAmortization": 6222000,
      "ebitda": 16771000,
      "ebit": 10549000,
      "nonOperatingIncomeExcludingInterest": 622000,
      "operatingIncome": 11171000,
      "totalOtherIncomeExpensesNet": -1367000,
      "incomeBeforeTax": 9804000,
      "incomeTaxExpense": 1528000,
      "netIncomeFromContinuingOperations": 8276000,
      "netIncomeFromDiscontinuedOperations": 0,
      "otherAdjustmentsToNetIncome": null,
      "netIncome": 8276000,
      "netIncomeDeductions": null,
      "bottomLineNetIncome": 8276000,
      "eps": 0.16,
      "epsDiluted": 0.15,
      "weightedAverageShsOut": 50544573,
      "weightedAverageShsOutDil": 53408443
    },
    {
      "date": "2021-03-31",
      "symbol": "ELF",
      "reportedCurrency": "USD",
      "cik": "0001600033",
      "filingDate": "2021-05-27",
      "acceptedDate": "2021-05-27 16:33:37",
      "fiscalYear": "2021",
      "period": "Q4",
      "revenue": 92671000,
      "costOfRevenue": 34071000,
      "grossProfit": 58600000,
      "researchAndDevelopmentExpenses": 0,
      "generalAndAdministrativeExpenses": 0,
      "sellingAndMarketingExpenses": 0,
      "sellingGeneralAndAdministrativeExpenses": 57827000,
      "otherExpenses": 2641000,
      "operatingExpenses": 60468000,
      "costAndExpenses": 94539000,
      "netInterestIncome": -862000,
      "interestIncome": 0,
      "interestExpense": 862000,
      "depreciationAndAmortization": 6371000,
      "ebitda": 3607000,
      "ebit": -2764000,
      "nonOperatingIncomeExcludingInterest": 896000,
      "operatingIncome": -1868000,
      "totalOtherIncomeExpensesNet": -916000,
      "incomeBeforeTax": -2784000,
      "incomeTaxExpense": -2760000,
      "netIncomeFromContinuingOperations": -24000,
      "netIncomeFromDiscontinuedOperations": 0,
      "otherAdjustmentsToNetIncome": null,
      "netIncome": -24000,
      "netIncomeDeductions": null,
      "bottomLineNetIncome": -24000,
      "eps": -0.0005,
      "epsDiluted": -0.0005,
      "weightedAverageShsOut": 49986296,
      "weightedAverageShsOutDil": 52960699
    },
    {
      "date": "2020-12-31",
      "symbol": "ELF",
      "reportedCurrency": "USD",
      "cik": "0001600033",
      "filingDate": "2021-02-04",
      "acceptedDate": "2021-02-04 16:07:15",
      "fiscalYear": "2021",
      "period": "Q3",
      "revenue": 88562000,
      "costOfRevenue": 31443000,
      "grossProfit": 57119000,
      "researchAndDevelopmentExpenses": 0,
      "generalAndAdministrativeExpenses": 0,
      "sellingAndMarketingExpenses": 0,
      "sellingGeneralAndAdministrativeExpenses": 50828000,
      "otherExpenses": 0,
      "operatingExpenses": 50828000,
      "costAndExpenses": 82271000,
      "netInterestIncome": -855000,
      "interestIncome": 0,
      "interestExpense": 855000,
      "depreciationAndAmortization": 6211000,
      "ebitda": 11825000,
      "ebit": 5614000,
      "nonOperatingIncomeExcludingInterest": 677000,
      "operatingIncome": 6291000,
      "totalOtherIncomeExpensesNet": -1532000,
      "incomeBeforeTax": 4759000,
      "incomeTaxExpense": 462000,
      "netIncomeFromContinuingOperations": 4297000,
      "netIncomeFromDiscontinuedOperations": 0,
      "otherAdjustmentsToNetIncome": null,
      "netIncome": 4297000,
      "netIncomeDeductions": null,
      "bottomLineNetIncome": 4297000,
      "eps": 0.09,
      "epsDiluted": 0.08,
      "weightedAverageShsOut": 49459837,
      "weightedAverageShsOutDil": 52335821
    },
    {
      "date": "2020-09-30",
      "symbol": "ELF",
      "reportedCurrency": "USD",
      "cik": "0001600033",
      "filingDate": "2020-11-05",
      "acceptedDate": "2020-11-05 16:11:58",
      "fiscalYear": "2021",
      "period": "Q2",
      "revenue": 72350000,
      "costOfRevenue": 25212000,
      "grossProfit": 47138000,
      "researchAndDevelopmentExpenses": 0,
      "generalAndAdministrativeExpenses": 0,
      "sellingAndMarketingExpenses": 0,
      "sellingGeneralAndAdministrativeExpenses": 45170000,
      "otherExpenses": 0,
      "operatingExpenses": 45170000,
      "costAndExpenses": 70382000,
      "netInterestIncome": -905000,
      "interestIncome": 0,
      "interestExpense": 905000,
      "depreciationAndAmortization": 6168000,
      "ebitda": 7277000,
      "ebit": 1109000,
      "nonOperatingIncomeExcludingInterest": 859000,
      "operatingIncome": 1968000,
      "totalOtherIncomeExpensesNet": -1764000,
      "incomeBeforeTax": 204000,
      "incomeTaxExpense": -243000,
      "netIncomeFromContinuingOperations": 447000,
      "netIncomeFromDiscontinuedOperations": 0,
      "otherAdjustmentsToNetIncome": null,
      "netIncome": 447000,
      "netIncomeDeductions": null,
      "bottomLineNetIncome": 447000,
      "eps": 0.01,
      "epsDiluted": 0.01,
      "weightedAverageShsOut": 49147366,
      "weightedAverageShsOutDil": 51748437
    },
    {
      "date": "2020-06-30",
      "symbol": "ELF",
      "reportedCurrency": "USD",
      "cik": "0001600033",
      "filingDate": "2020-08-06",
      "acceptedDate": "2020-08-06 16:09:06",
      "fiscalYear": "2021",
      "period": "Q1",
      "revenue": 64527000,
      "costOfRevenue": 21186000,
      "grossProfit": 43341000,
      "researchAndDevelopmentExpenses": 0,
      "generalAndAdministrativeExpenses": 0,
      "sellingAndMarketingExpenses": 0,
      "sellingGeneralAndAdministrativeExpenses": 40332000,
      "otherExpenses": 0,
      "operatingExpenses": 40332000,
      "costAndExpenses": 61518000,
      "netInterestIncome": -1468000,
      "interestIncome": 0,
      "interestExpense": 1468000,
      "depreciationAndAmortization": 6429000,
      "ebitda": 9408000,
      "ebit": 2979000,
      "nonOperatingIncomeExcludingInterest": 30000,
      "operatingIncome": 3009000,
      "totalOtherIncomeExpensesNet": -1498000,
      "incomeBeforeTax": 1511000,
      "incomeTaxExpense": -1000,
      "netIncomeFromContinuingOperations": 1512000,
      "netIncomeFromDiscontinuedOperations": 0,
      "otherAdjustmentsToNetIncome": null,
      "netIncome": 1512000,
      "netIncomeDeductions": null,
      "bottomLineNetIncome": 1512000,
      "eps": 0.03,
      "epsDiluted": 0.03,
      "weightedAverageShsOut": 48924454,
      "weightedAverageShsOutDil": 50939938
    },
    {
      "date": "2020-03-31",
      "symbol": "ELF",
      "reportedCurrency": "USD",
      "cik": "0001600033",
      "filingDate": "2020-05-28",
      "acceptedDate": "2020-05-28 17:13:48",
      "fiscalYear": "2020",
      "period": "Q4",
      "revenue": 74712000,
      "costOfRevenue": 26648000,
      "grossProfit": 48064000,
      "researchAndDevelopmentExpenses": 0,
      "generalAndAdministrativeExpenses": 0,
      "sellingAndMarketingExpenses": 0,
      "sellingGeneralAndAdministrativeExpenses": 47024000,
      "otherExpenses": 0,
      "operatingExpenses": 47024000,
      "costAndExpenses": 73672000,
      "netInterestIncome": -1388000,
      "interestIncome": 0,
      "interestExpense": 1388000,
      "depreciationAndAmortization": 5980000,
      "ebitda": 6961000,
      "ebit": 981000,
      "nonOperatingIncomeExcludingInterest": 59000,
      "operatingIncome": 1040000,
      "totalOtherIncomeExpensesNet": -1563000,
      "incomeBeforeTax": -523000,
      "incomeTaxExpense": -182000,
      "netIncomeFromContinuingOperations": -341000,
      "netIncomeFromDiscontinuedOperations": 0,
      "otherAdjustmentsToNetIncome": null,
      "netIncome": -341000,
      "netIncomeDeductions": null,
      "bottomLineNetIncome": -341000,
      "eps": -0.01,
      "epsDiluted": -0.01,
      "weightedAverageShsOut": 48704133,
      "weightedAverageShsOutDil": 51045588
    },
    {
      "date": "2019-12-31",
      "symbol": "ELF",
      "reportedCurrency": "USD",
      "cik": "0001600033",
      "filingDate": "2020-02-06",
      "acceptedDate": "2020-02-06 17:21:27",
      "fiscalYear": "2020",
      "period": "Q3",
      "revenue": 80760000,
      "costOfRevenue": 28240000,
      "grossProfit": 52520000,
      "researchAndDevelopmentExpenses": 0,
      "generalAndAdministrativeExpenses": 0,
      "sellingAndMarketingExpenses": 0,
      "sellingGeneralAndAdministrativeExpenses": 39632000,
      "otherExpenses": 8000,
      "operatingExpenses": 39640000,
      "costAndExpenses": 67880000,
      "netInterestIncome": -1560000,
      "interestIncome": 0,
      "interestExpense": 1560000,
      "depreciationAndAmortization": 5694000,
      "ebitda": 18239000,
      "ebit": 12545000,
      "nonOperatingIncomeExcludingInterest": 335000,
      "operatingIncome": 12880000,
      "totalOtherIncomeExpensesNet": -1895000,
      "incomeBeforeTax": 10985000,
      "incomeTaxExpense": 2983000,
      "netIncomeFromContinuingOperations": 8002000,
      "netIncomeFromDiscontinuedOperations": 0,
      "otherAdjustmentsToNetIncome": null,
      "netIncome": 8002000,
      "netIncomeDeductions": null,
      "bottomLineNetIncome": 8002000,
      "eps": 0.16,
      "epsDiluted": 0.16,
      "weightedAverageShsOut": 48525904,
      "weightedAverageShsOutDil": 50966550
    },
    {
      "date": "2019-09-30",
      "symbol": "ELF",
      "reportedCurrency": "USD",
      "cik": "0001600033",
      "filingDate": "2019-11-07",
      "acceptedDate": "2019-11-07 16:33:58",
      "fiscalYear": "2020",
      "period": "Q2",
      "revenue": 67615000,
      "costOfRevenue": 24267000,
      "grossProfit": 43348000,
      "researchAndDevelopmentExpenses": 0,
      "generalAndAdministrativeExpenses": 0,
      "sellingAndMarketingExpenses": 0,
      "sellingGeneralAndAdministrativeExpenses": 38444000,
      "otherExpenses": -4198000,
      "operatingExpenses": 34246000,
      "costAndExpenses": 58513000,
      "netInterestIncome": -1643000,
      "interestIncome": 0,
      "interestExpense": 1643000,
      "depreciationAndAmortization": 5977000,
      "ebitda": 15665000,
      "ebit": 9688000,
      "nonOperatingIncomeExcludingInterest": -586000,
      "operatingIncome": 9102000,
      "totalOtherIncomeExpensesNet": -1057000,
      "incomeBeforeTax": 8045000,
      "incomeTaxExpense": 1528000,
      "netIncomeFromContinuingOperations": 6517000,
      "netIncomeFromDiscontinuedOperations": 0,
      "otherAdjustmentsToNetIncome": null,
      "netIncome": 6517000,
      "netIncomeDeductions": null,
      "bottomLineNetIncome": 6517000,
      "eps": 0.13,
      "epsDiluted": 0.13,
      "weightedAverageShsOut": 48419845,
      "weightedAverageShsOutDil": 50939915
    },
    {
      "date": "2019-06-30",
      "symbol": "ELF",
      "reportedCurrency": "USD",
      "cik": "0001600033",
      "filingDate": "2019-08-08",
      "acceptedDate": "2019-08-08 16:14:32",
      "fiscalYear": "2020",
      "period": "Q1",
      "revenue": 59764000,
      "costOfRevenue": 22573000,
      "grossProfit": 37191000,
      "researchAndDevelopmentExpenses": 0,
      "generalAndAdministrativeExpenses": 0,
      "sellingAndMarketingExpenses": 0,
      "sellingGeneralAndAdministrativeExpenses": 32055000,
      "otherExpenses": -1792000,
      "operatingExpenses": 30263000,
      "costAndExpenses": 52836000,
      "netInterestIncome": -1717000,
      "interestIncome": 0,
      "interestExpense": 1717000,
      "depreciationAndAmortization": 5192000,
      "ebitda": 12471000,
      "ebit": 7279000,
      "nonOperatingIncomeExcludingInterest": -351000,
      "operatingIncome": 6928000,
      "totalOtherIncomeExpensesNet": -1366000,
      "incomeBeforeTax": 5562000,
      "incomeTaxExpense": 1856000,
      "netIncomeFromContinuingOperations": 3706000,
      "netIncomeFromDiscontinuedOperations": 0,
      "otherAdjustmentsToNetIncome": null,
      "netIncome": 3706000,
      "netIncomeDeductions": null,
      "bottomLineNetIncome": 3706000,
      "eps": 0.08,
      "epsDiluted": 0.07,
      "weightedAverageShsOut": 48345942,
      "weightedAverageShsOutDil": 50317088
    },
    {
      "date": "2019-03-31",
      "symbol": "ELF",
      "reportedCurrency": "USD",
      "cik": "0001600033",
      "filingDate": "2019-05-09",
      "acceptedDate": "2019-05-09 16:29:25",
      "fiscalYear": "2019",
      "period": "Q4",
      "revenue": 66141000,
      "costOfRevenue": 25650000,
      "grossProfit": 40491000,
      "researchAndDevelopmentExpenses": 0,
      "generalAndAdministrativeExpenses": 0,
      "sellingAndMarketingExpenses": 0,
      "sellingGeneralAndAdministrativeExpenses": 37324000,
      "otherExpenses": 22176000,
      "operatingExpenses": 59500000,
      "costAndExpenses": 85150000,
      "netInterestIncome": -1849000,
      "interestIncome": 0,
      "interestExpense": 1849000,
      "depreciationAndAmortization": 27161000,
      "ebitda": 7837000,
      "ebit": -19324000,
      "nonOperatingIncomeExcludingInterest": 315000,
      "operatingIncome": -19009000,
      "totalOtherIncomeExpensesNet": -2164000,
      "incomeBeforeTax": -21173000,
      "incomeTaxExpense": -3259000,
      "netIncomeFromContinuingOperations": -17914000,
      "netIncomeFromDiscontinuedOperations": 0,
      "otherAdjustmentsToNetIncome": 0,
      "netIncome": -17914000,
      "netIncomeDeductions": 0,
      "bottomLineNetIncome": -17914000,
      "eps": -0.37,
      "epsDiluted": -0.37,
      "weightedAverageShsOut": 48023000,
      "weightedAverageShsOutDil": 48023000
    },
    {
      "date": "2018-12-31",
      "symbol": "ELF",
      "reportedCurrency": "USD",
      "cik": "0001600033",
      "filingDate": "2019-02-28",
      "acceptedDate": "2019-02-28 16:13:50",
      "fiscalYear": "2019",
      "period": "Q3",
      "revenue": 78571000,
      "costOfRevenue": 31652000,
      "grossProfit": 46919000,
      "researchAndDevelopmentExpenses": 0,
      "generalAndAdministrativeExpenses": 0,
      "sellingAndMarketingExpenses": 0,
      "sellingGeneralAndAdministrativeExpenses": 33898000,
      "otherExpenses": 0,
      "operatingExpenses": 33898000,
      "costAndExpenses": 65550000,
      "netInterestIncome": -1963000,
      "interestIncome": 0,
      "interestExpense": 1208000,
      "depreciationAndAmortization": 4956000,
      "ebitda": 16851000,
      "ebit": 11895000,
      "nonOperatingIncomeExcludingInterest": 1126000,
      "operatingIncome": 13021000,
      "totalOtherIncomeExpensesNet": -2334000,
      "incomeBeforeTax": 10687000,
      "incomeTaxExpense": 1015000,
      "netIncomeFromContinuingOperations": 9672000,
      "netIncomeFromDiscontinuedOperations": 0,
      "otherAdjustmentsToNetIncome": null,
      "netIncome": 9672000,
      "netIncomeDeductions": null,
      "bottomLineNetIncome": 9672000,
      "eps": 0.2,
      "epsDiluted": 0.2,
      "weightedAverageShsOut": 47477597,
      "weightedAverageShsOutDil": 49211311
    },
    {
      "date": "2018-09-30",
      "symbol": "ELF",
      "reportedCurrency": "USD",
      "cik": "0001600033",
      "filingDate": "2018-11-06",
      "acceptedDate": "2018-11-06 16:57:10",
      "fiscalYear": "2019",
      "period": "Q2",
      "revenue": 63889000,
      "costOfRevenue": 24920000,
      "grossProfit": 38969000,
      "researchAndDevelopmentExpenses": 0,
      "generalAndAdministrativeExpenses": 0,
      "sellingAndMarketingExpenses": 0,
      "sellingGeneralAndAdministrativeExpenses": 32656000,
      "otherExpenses": 0,
      "operatingExpenses": 32656000,
      "costAndExpenses": 57576000,
      "netInterestIncome": -1901000,
      "interestIncome": 0,
      "interestExpense": 1901000,
      "depreciationAndAmortization": 4193000,
      "ebitda": 10866000,
      "ebit": 6673000,
      "nonOperatingIncomeExcludingInterest": -360000,
      "operatingIncome": 6313000,
      "totalOtherIncomeExpensesNet": -1541000,
      "incomeBeforeTax": 4772000,
      "incomeTaxExpense": 857000,
      "netIncomeFromContinuingOperations": 3915000,
      "netIncomeFromDiscontinuedOperations": 0,
      "otherAdjustmentsToNetIncome": null,
      "netIncome": 3915000,
      "netIncomeDeductions": null,
      "bottomLineNetIncome": 3915000,
      "eps": 0.08,
      "epsDiluted": 0.08,
      "weightedAverageShsOut": 46765366,
      "weightedAverageShsOutDil": 49123703
    },
    {
      "date": "2018-06-30",
      "symbol": "ELF",
      "reportedCurrency": "USD",
      "cik": "0001600033",
      "filingDate": "2018-08-09",
      "acceptedDate": "2018-08-09 16:14:52",
      "fiscalYear": "2019",
      "period": "Q1",
      "revenue": 59055000,
      "costOfRevenue": 22410000,
      "grossProfit": 36645000,
      "researchAndDevelopmentExpenses": 0,
      "generalAndAdministrativeExpenses": 0,
      "sellingAndMarketingExpenses": 0,
      "sellingGeneralAndAdministrativeExpenses": 33791000,
      "otherExpenses": 0,
      "operatingExpenses": 33791000,
      "costAndExpenses": 56201000,
      "netInterestIncome": -1989000,
      "interestIncome": 0,
      "interestExpense": 1989000,
      "depreciationAndAmortization": 4424000,
      "ebitda": 7787000,
      "ebit": 3363000,
      "nonOperatingIncomeExcludingInterest": -509000,
      "operatingIncome": 2854000,
      "totalOtherIncomeExpensesNet": -1480000,
      "incomeBeforeTax": 1374000,
      "incomeTaxExpense": 126000,
      "netIncomeFromContinuingOperations": 1248000,
      "netIncomeFromDiscontinuedOperations": 0,
      "otherAdjustmentsToNetIncome": null,
      "netIncome": 1248000,
      "netIncomeDeductions": null,
      "bottomLineNetIncome": 1248000,
      "eps": 0.03,
      "epsDiluted": 0.03,
      "weightedAverageShsOut": 46625915,
      "weightedAverageShsOutDil": 49425927
    },
    {
      "date": "2018-03-31",
      "symbol": "ELF",
      "reportedCurrency": "USD",
      "cik": "0001600033",
      "filingDate": "2018-05-10",
      "acceptedDate": "2018-05-10 16:11:22",
      "fiscalYear": "2018",
      "period": "Q4",
      "revenue": 65920000,
      "costOfRevenue": 25712000,
      "grossProfit": 40208000,
      "researchAndDevelopmentExpenses": 0,
      "generalAndAdministrativeExpenses": 0,
      "sellingAndMarketingExpenses": 0,
      "sellingGeneralAndAdministrativeExpenses": 36234000,
      "otherExpenses": 0,
      "operatingExpenses": 36234000,
      "costAndExpenses": 61946000,
      "netInterestIncome": -1963000,
      "interestIncome": 0,
      "interestExpense": 1963000,
      "depreciationAndAmortization": 4288000,
      "ebitda": 7374000,
      "ebit": 3086000,
      "nonOperatingIncomeExcludingInterest": 888000,
      "operatingIncome": 3974000,
      "totalOtherIncomeExpensesNet": -2851000,
      "incomeBeforeTax": 1123000,
      "incomeTaxExpense": 433000,
      "netIncomeFromContinuingOperations": 690000,
      "netIncomeFromDiscontinuedOperations": 0,
      "otherAdjustmentsToNetIncome": null,
      "netIncome": 690000,
      "netIncomeDeductions": null,
      "bottomLineNetIncome": 690000,
      "eps": 0.01,
      "epsDiluted": 0.01,
      "weightedAverageShsOut": 46435560,
      "weightedAverageShsOutDil": 49302771
    },
    {
      "date": "2017-12-31",
      "symbol": "ELF",
      "reportedCurrency": "USD",
      "cik": "0001600033",
      "filingDate": "2018-03-01",
      "acceptedDate": "2018-03-01 17:23:25",
      "fiscalYear": "2018",
      "period": "Q3",
      "revenue": 81593000,
      "costOfRevenue": 33899000,
      "grossProfit": 47694000,
      "researchAndDevelopmentExpenses": 0,
      "generalAndAdministrativeExpenses": 0,
      "sellingAndMarketingExpenses": 0,
      "sellingGeneralAndAdministrativeExpenses": 32603000,
      "otherExpenses": 0,
      "operatingExpenses": 32603000,
      "costAndExpenses": 66502000,
      "netInterestIncome": -1970000,
      "interestIncome": 0,
      "interestExpense": 1160000,
      "depreciationAndAmortization": 3845000,
      "ebitda": 17513000,
      "ebit": 13668000,
      "nonOperatingIncomeExcludingInterest": 1423000,
      "operatingIncome": 15091000,
      "totalOtherIncomeExpensesNet": -2583000,
      "incomeBeforeTax": 12508000,
      "incomeTaxExpense": -8972000,
      "netIncomeFromContinuingOperations": 21480000,
      "netIncomeFromDiscontinuedOperations": 0,
      "otherAdjustmentsToNetIncome": null,
      "netIncome": 21480000,
      "netIncomeDeductions": null,
      "bottomLineNetIncome": 21480000,
      "eps": 0.47,
      "epsDiluted": 0.44,
      "weightedAverageShsOut": 46028739,
      "weightedAverageShsOutDil": 49201766
    },
    {
      "date": "2017-09-30",
      "symbol": "ELF",
      "reportedCurrency": "USD",
      "cik": "0001600033",
      "filingDate": "2017-11-09",
      "acceptedDate": "2017-11-09 16:06:45",
      "fiscalYear": "2018",
      "period": "Q2",
      "revenue": 71865000,
      "costOfRevenue": 28952000,
      "grossProfit": 42913000,
      "researchAndDevelopmentExpenses": 0,
      "generalAndAdministrativeExpenses": 0,
      "sellingAndMarketingExpenses": 0,
      "sellingGeneralAndAdministrativeExpenses": 33133000,
      "otherExpenses": 0,
      "operatingExpenses": 33133000,
      "costAndExpenses": 62085000,
      "netInterestIncome": -2262000,
      "interestIncome": 0,
      "interestExpense": 2262000,
      "depreciationAndAmortization": 3529000,
      "ebitda": 12930000,
      "ebit": 9401000,
      "nonOperatingIncomeExcludingInterest": 379000,
      "operatingIncome": 9780000,
      "totalOtherIncomeExpensesNet": -2641000,
      "incomeBeforeTax": 7139000,
      "incomeTaxExpense": 1274000,
      "netIncomeFromContinuingOperations": 5865000,
      "netIncomeFromDiscontinuedOperations": 0,
      "otherAdjustmentsToNetIncome": null,
      "netIncome": 5865000,
      "netIncomeDeductions": null,
      "bottomLineNetIncome": 5865000,
      "eps": 0.13,
      "epsDiluted": 0.12,
      "weightedAverageShsOut": 45813801,
      "weightedAverageShsOutDil": 49283247
    },
    {
      "date": "2017-06-30",
      "symbol": "ELF",
      "reportedCurrency": "USD",
      "cik": "0001600033",
      "filingDate": "2017-08-11",
      "acceptedDate": "2017-08-11 12:01:52",
      "fiscalYear": "2018",
      "period": "Q1",
      "revenue": 55856000,
      "costOfRevenue": 19966000,
      "grossProfit": 35890000,
      "researchAndDevelopmentExpenses": 0,
      "generalAndAdministrativeExpenses": 0,
      "sellingAndMarketingExpenses": 0,
      "sellingGeneralAndAdministrativeExpenses": 32705000,
      "otherExpenses": 0,
      "operatingExpenses": 32705000,
      "costAndExpenses": 52671000,
      "netInterestIncome": -2387000,
      "interestIncome": 0,
      "interestExpense": 2387000,
      "depreciationAndAmortization": 3488000,
      "ebitda": 6429000,
      "ebit": 2941000,
      "nonOperatingIncomeExcludingInterest": 244000,
      "operatingIncome": 3185000,
      "totalOtherIncomeExpensesNet": -2631000,
      "incomeBeforeTax": 554000,
      "incomeTaxExpense": -3416000,
      "netIncomeFromContinuingOperations": 3970000,
      "netIncomeFromDiscontinuedOperations": 0,
      "otherAdjustmentsToNetIncome": null,
      "netIncome": 3970000,
      "netIncomeDeductions": null,
      "bottomLineNetIncome": 3970000,
      "eps": 0.09,
      "epsDiluted": 0.08,
      "weightedAverageShsOut": 45465723,
      "weightedAverageShsOutDil": 49509940
    },
    {
      "date": "2017-03-31",
      "symbol": "ELF",
      "reportedCurrency": "USD",
      "cik": "0001600033",
      "filingDate": "2017-05-12",
      "acceptedDate": "2017-05-12 14:24:27",
      "fiscalYear": "2017",
      "period": "Q4",
      "revenue": 60574000,
      "costOfRevenue": 22346000,
      "grossProfit": 38228000,
      "researchAndDevelopmentExpenses": 0,
      "generalAndAdministrativeExpenses": 0,
      "sellingAndMarketingExpenses": 0,
      "sellingGeneralAndAdministrativeExpenses": 33005000,
      "otherExpenses": 0,
      "operatingExpenses": 33005000,
      "costAndExpenses": 55351000,
      "netInterestIncome": -2156000,
      "interestIncome": 0,
      "interestExpense": 2156000,
      "depreciationAndAmortization": 3659000,
      "ebitda": 8083000,
      "ebit": 4424000,
      "nonOperatingIncomeExcludingInterest": 799000,
      "operatingIncome": 5223000,
      "totalOtherIncomeExpensesNet": -2955000,
      "incomeBeforeTax": 2268000,
      "incomeTaxExpense": 108000,
      "netIncomeFromContinuingOperations": 2160000,
      "netIncomeFromDiscontinuedOperations": 0,
      "otherAdjustmentsToNetIncome": null,
      "netIncome": 2160000,
      "netIncomeDeductions": null,
      "bottomLineNetIncome": 2160000,
      "eps": 0.05,
      "epsDiluted": 0.04,
      "weightedAverageShsOut": 44099338,
      "weightedAverageShsOutDil": 49477874
    },
    {
      "date": "2016-12-31",
      "symbol": "ELF",
      "reportedCurrency": "USD",
      "cik": "0001600033",
      "filingDate": "2017-03-15",
      "acceptedDate": "2017-03-15 17:01:50",
      "fiscalYear": "2017",
      "period": "Q3",
      "revenue": 76435000,
      "costOfRevenue": 31115000,
      "grossProfit": 45320000,
      "researchAndDevelopmentExpenses": 0,
      "generalAndAdministrativeExpenses": 0,
      "sellingAndMarketingExpenses": 0,
      "sellingGeneralAndAdministrativeExpenses": 30349000,
      "otherExpenses": 0,
      "operatingExpenses": 30349000,
      "costAndExpenses": 61464000,
      "netInterestIncome": -2925000,
      "interestIncome": 0,
      "interestExpense": 2640000,
      "depreciationAndAmortization": 3574000,
      "ebitda": 17253000,
      "ebit": 13679000,
      "nonOperatingIncomeExcludingInterest": 1292000,
      "operatingIncome": 14971000,
      "totalOtherIncomeExpensesNet": -3932000,
      "incomeBeforeTax": 11039000,
      "incomeTaxExpense": 4438000,
      "netIncomeFromContinuingOperations": 6601000,
      "netIncomeFromDiscontinuedOperations": 0,
      "otherAdjustmentsToNetIncome": null,
      "netIncome": 6601000,
      "netIncomeDeductions": null,
      "bottomLineNetIncome": 6601000,
      "eps": 0.15,
      "epsDiluted": 0.13,
      "weightedAverageShsOut": 43744855,
      "weightedAverageShsOutDil": 49524007
    },
    {
      "date": "2016-09-30",
      "symbol": "ELF",
      "reportedCurrency": "USD",
      "cik": "0001600033",
      "filingDate": "2016-11-14",
      "acceptedDate": "2016-11-10 20:03:56",
      "fiscalYear": "2017",
      "period": "Q2",
      "revenue": 56312000,
      "costOfRevenue": 23834000,
      "grossProfit": 32478000,
      "researchAndDevelopmentExpenses": 0,
      "generalAndAdministrativeExpenses": 0,
      "sellingAndMarketingExpenses": 0,
      "sellingGeneralAndAdministrativeExpenses": 31002000,
      "otherExpenses": 0,
      "operatingExpenses": 31002000,
      "costAndExpenses": 54836000,
      "netInterestIncome": -5192000,
      "interestIncome": 0,
      "interestExpense": 5192000,
      "depreciationAndAmortization": 3348000,
      "ebitda": 5112000,
      "ebit": 1764000,
      "nonOperatingIncomeExcludingInterest": -288000,
      "operatingIncome": 1476000,
      "totalOtherIncomeExpensesNet": -4904000,
      "incomeBeforeTax": -3428000,
      "incomeTaxExpense": -1051000,
      "netIncomeFromContinuingOperations": -2377000,
      "netIncomeFromDiscontinuedOperations": 0,
      "otherAdjustmentsToNetIncome": null,
      "netIncome": -2377000,
      "netIncomeDeductions": -1113684000,
      "bottomLineNetIncome": -373605000,
      "eps": -73.13,
      "epsDiluted": -73.13,
      "weightedAverageShsOut": 51087780,
      "weightedAverageShsOutDil": 51090160
    },
    {
      "date": "2016-06-30",
      "symbol": "ELF",
      "reportedCurrency": "USD",
      "cik": "0001600033",
      "filingDate": "2016-06-30",
      "acceptedDate": "2016-06-30 00:00:00",
      "fiscalYear": "2017",
      "period": "Q1",
      "revenue": 44147000,
      "costOfRevenue": 19010000,
      "grossProfit": 25137000,
      "researchAndDevelopmentExpenses": 0,
      "generalAndAdministrativeExpenses": 0,
      "sellingAndMarketingExpenses": 0,
      "sellingGeneralAndAdministrativeExpenses": 24695000,
      "otherExpenses": 0,
      "operatingExpenses": 24695000,
      "costAndExpenses": 43705000,
      "netInterestIncome": -3334000,
      "interestIncome": 0,
      "interestExpense": 3334000,
      "depreciationAndAmortization": 3250000,
      "ebitda": 2065000,
      "ebit": -1185000,
      "nonOperatingIncomeExcludingInterest": 1627000,
      "operatingIncome": 442000,
      "totalOtherIncomeExpensesNet": -4961000,
      "incomeBeforeTax": -4519000,
      "incomeTaxExpense": -1804000,
      "netIncomeFromContinuingOperations": -2715000,
      "netIncomeFromDiscontinuedOperations": 0,
      "otherAdjustmentsToNetIncome": null,
      "netIncome": -2715000,
      "netIncomeDeductions": -187348000,
      "bottomLineNetIncome": -96389000,
      "eps": -2.17,
      "epsDiluted": -2.17,
      "weightedAverageShsOut": 44379833,
      "weightedAverageShsOutDil": 44379833
    },
    {
      "date": "2016-03-31",
      "symbol": "ELF",
      "reportedCurrency": "USD",
      "cik": "0001600033",
      "filingDate": "2016-03-31",
      "acceptedDate": "2016-03-31 00:00:00",
      "fiscalYear": "2016",
      "period": "Q4",
      "revenue": 52673000,
      "costOfRevenue": 23373000,
      "grossProfit": 29300000,
      "researchAndDevelopmentExpenses": 0,
      "generalAndAdministrativeExpenses": 0,
      "sellingAndMarketingExpenses": 0,
      "sellingGeneralAndAdministrativeExpenses": 23109000,
      "otherExpenses": 0,
      "operatingExpenses": 23109000,
      "costAndExpenses": 46482000,
      "netInterestIncome": -3061000,
      "interestIncome": 0,
      "interestExpense": 3061000,
      "depreciationAndAmortization": 2980000,
      "ebitda": 12761000,
      "ebit": 9781000,
      "nonOperatingIncomeExcludingInterest": -3590000,
      "operatingIncome": 6191000,
      "totalOtherIncomeExpensesNet": 529000,
      "incomeBeforeTax": 6720000,
      "incomeTaxExpense": 2916000,
      "netIncomeFromContinuingOperations": 3804000,
      "netIncomeFromDiscontinuedOperations": 0,
      "otherAdjustmentsToNetIncome": null,
      "netIncome": 3804000,
      "netIncomeDeductions": -113841000,
      "bottomLineNetIncome": -34143000,
      "eps": -0.81,
      "epsDiluted": -0.81,
      "weightedAverageShsOut": 41922643,
      "weightedAverageShsOutDil": 44614061
    },
    {
      "date": "2015-12-31",
      "symbol": "ELF",
      "reportedCurrency": "USD",
      "cik": "0001600033",
      "filingDate": "2015-12-31",
      "acceptedDate": "2015-12-31 00:00:00",
      "fiscalYear": "2016",
      "period": "Q3",
      "revenue": 65436000,
      "costOfRevenue": 30407000,
      "grossProfit": 35029000,
      "researchAndDevelopmentExpenses": 0,
      "generalAndAdministrativeExpenses": 0,
      "sellingAndMarketingExpenses": 0,
      "sellingGeneralAndAdministrativeExpenses": 24092000,
      "otherExpenses": 0,
      "operatingExpenses": 24092000,
      "costAndExpenses": 54499000,
      "netInterestIncome": -3245000,
      "interestIncome": 0,
      "interestExpense": 4074000,
      "depreciationAndAmortization": 2897000,
      "ebitda": 11407000,
      "ebit": 8510000,
      "nonOperatingIncomeExcludingInterest": 2427000,
      "operatingIncome": 10937000,
      "totalOtherIncomeExpensesNet": -6501000,
      "incomeBeforeTax": 4436000,
      "incomeTaxExpense": 2009000,
      "netIncomeFromContinuingOperations": 2427000,
      "netIncomeFromDiscontinuedOperations": 0,
      "otherAdjustmentsToNetIncome": null,
      "netIncome": 2427000,
      "netIncomeDeductions": 9834000,
      "bottomLineNetIncome": 12261000,
      "eps": 0.0579,
      "epsDiluted": 0.0544,
      "weightedAverageShsOut": 41922643,
      "weightedAverageShsOutDil": 44614061
    },
    {
      "date": "2015-09-30",
      "symbol": "ELF",
      "reportedCurrency": "USD",
      "cik": "0001600033",
      "filingDate": "2015-09-30",
      "acceptedDate": "2015-09-30 00:00:00",
      "fiscalYear": "2016",
      "period": "Q2",
      "revenue": 50783000,
      "costOfRevenue": 24781000,
      "grossProfit": 26002000,
      "researchAndDevelopmentExpenses": 0,
      "generalAndAdministrativeExpenses": 0,
      "sellingAndMarketingExpenses": 0,
      "sellingGeneralAndAdministrativeExpenses": 19498000,
      "otherExpenses": 0,
      "operatingExpenses": 19498000,
      "costAndExpenses": 44279000,
      "netInterestIncome": -3195000,
      "interestIncome": 0,
      "interestExpense": 2929000,
      "depreciationAndAmortization": 2797000,
      "ebitda": 4864000,
      "ebit": 2067000,
      "nonOperatingIncomeExcludingInterest": 4437000,
      "operatingIncome": 6504000,
      "totalOtherIncomeExpensesNet": -7366000,
      "incomeBeforeTax": -862000,
      "incomeTaxExpense": -114000,
      "netIncomeFromContinuingOperations": -748000,
      "netIncomeFromDiscontinuedOperations": 0,
      "otherAdjustmentsToNetIncome": null,
      "netIncome": -748000,
      "netIncomeDeductions": -11859000,
      "bottomLineNetIncome": -4701000,
      "eps": -0.11,
      "epsDiluted": -0.11,
      "weightedAverageShsOut": 41922643,
      "weightedAverageShsOutDil": 44614061
    }
  ]
}