{
  "ticker": "FUBO",
  "endpoint": "income-statement",
  "fetched_at": "2025-09-05T14:21:16.580916",
  "data": [
    {
      "date": "2025-06-30",
      "symbol": "FUBO",
      "reportedCurrency": "USD",
      "cik": "0001484769",
      "filingDate": "2025-08-08",
      "acceptedDate": "2025-08-08 07:35:53",
      "fiscalYear": "2025",
      "period": "Q2",
      "revenue": 379968000,
      "costOfRevenue": 312417000,
      "grossProfit": 67551000,
      "researchAndDevelopmentExpenses": 19259000,
      "generalAndAdministrativeExpenses": 24334000000,
      "sellingAndMarketingExpenses": 25851000000,
      "sellingGeneralAndAdministrativeExpenses": 54291000,
      "otherExpenses": 0,
      "operatingExpenses": 73550000,
      "costAndExpenses": 385967000,
      "netInterestIncome": -1408000,
      "interestIncome": 2957000,
      "interestExpense": 4365000,
      "depreciationAndAmortization": 11168000,
      "ebitda": 7659000,
      "ebit": -3509000,
      "nonOperatingIncomeExcludingInterest": -2489999,
      "operatingIncome": -5999000,
      "totalOtherIncomeExpensesNet": -1875000,
      "incomeBeforeTax": -7874000,
      "incomeTaxExpense": 152000,
      "netIncomeFromContinuingOperations": -8026000,
      "netIncomeFromDiscontinuedOperations": 0,
      "otherAdjustmentsToNetIncome": 0,
      "netIncome": -8029999,
      "netIncomeDeductions": 0,
      "bottomLineNetIncome": -8029999,
      "eps": -0.0235,
      "epsDiluted": -0.0235,
      "weightedAverageShsOut": 341683408,
      "weightedAverageShsOutDil": 341683408
    },
    {
      "date": "2025-03-31",
      "symbol": "FUBO",
      "reportedCurrency": "USD",
      "cik": "0001484769",
      "filingDate": "2025-05-05",
      "acceptedDate": "2025-05-05 16:15:29",
      "fiscalYear": "2025",
      "period": "Q1",
      "revenue": 416286000,
      "costOfRevenue": 347055000,
      "grossProfit": 69231000,
      "researchAndDevelopmentExpenses": 20145000,
      "generalAndAdministrativeExpenses": 27796000,
      "sellingAndMarketingExpenses": 36803000,
      "sellingGeneralAndAdministrativeExpenses": 64599000,
      "otherExpenses": 9908000,
      "operatingExpenses": 94652000,
      "costAndExpenses": 441707000,
      "netInterestIncome": -957000,
      "interestIncome": 3789000,
      "interestExpense": 4746000,
      "depreciationAndAmortization": 10859000,
      "ebitda": 208741000,
      "ebit": 197882000,
      "nonOperatingIncomeExcludingInterest": -223303000,
      "operatingIncome": -25421000,
      "totalOtherIncomeExpensesNet": 218557000,
      "incomeBeforeTax": 193136000,
      "incomeTaxExpense": 4648000,
      "netIncomeFromContinuingOperations": 188488000,
      "netIncomeFromDiscontinuedOperations": 0,
      "otherAdjustmentsToNetIncome": 0,
      "netIncome": 188493000,
      "netIncomeDeductions": 0,
      "bottomLineNetIncome": 188493000,
      "eps": 0.55,
      "epsDiluted": 0.55,
      "weightedAverageShsOut": 341059000,
      "weightedAverageShsOutDil": 341565000
    },
    {
      "date": "2024-12-31",
      "symbol": "FUBO",
      "reportedCurrency": "USD",
      "cik": "0001484769",
      "filingDate": "2025-03-03",
      "acceptedDate": "2025-03-03 16:10:45",
      "fiscalYear": "2024",
      "period": "Q4",
      "revenue": 443277000,
      "costOfRevenue": 370461000,
      "grossProfit": 72816000,
      "researchAndDevelopmentExpenses": 19433000,
      "generalAndAdministrativeExpenses": 9819000,
      "sellingAndMarketingExpenses": 68200000,
      "sellingGeneralAndAdministrativeExpenses": 78019000,
      "otherExpenses": 13765000,
      "operatingExpenses": 111217000,
      "costAndExpenses": 481678000,
      "netInterestIncome": -2995000,
      "interestIncome": 1761000,
      "interestExpense": 4756000,
      "depreciationAndAmortization": 11091000,
      "ebitda": -24833000,
      "ebit": -35924000,
      "nonOperatingIncomeExcludingInterest": -2477000,
      "operatingIncome": -38401000,
      "totalOtherIncomeExpensesNet": -2279000,
      "incomeBeforeTax": -40680000,
      "incomeTaxExpense": 252000,
      "netIncomeFromContinuingOperations": -40932000,
      "netIncomeFromDiscontinuedOperations": -1687000,
      "otherAdjustmentsToNetIncome": 0,
      "netIncome": -38549000,
      "netIncomeDeductions": 0,
      "bottomLineNetIncome": -38549000,
      "eps": -0.11,
      "epsDiluted": -0.11,
      "weightedAverageShsOut": 319654000,
      "weightedAverageShsOutDil": 319654000
    },
    {
      "date": "2024-09-30",
      "symbol": "FUBO",
      "reportedCurrency": "USD",
      "cik": "0001484769",
      "filingDate": "2024-11-01",
      "acceptedDate": "2024-11-01 16:17:12",
      "fiscalYear": "2024",
      "period": "Q3",
      "revenue": 386207000,
      "costOfRevenue": 332082000,
      "grossProfit": 54125000,
      "researchAndDevelopmentExpenses": 21187000,
      "generalAndAdministrativeExpenses": 26528000,
      "sellingAndMarketingExpenses": 55226000,
      "sellingGeneralAndAdministrativeExpenses": 81754000,
      "otherExpenses": 9816000,
      "operatingExpenses": 112757000,
      "costAndExpenses": 444839000,
      "netInterestIncome": -3364000,
      "interestIncome": 1913000,
      "interestExpense": 5277000,
      "depreciationAndAmortization": 10701000,
      "ebitda": -38859000,
      "ebit": -48691000,
      "nonOperatingIncomeExcludingInterest": -9941000,
      "operatingIncome": -58632000,
      "totalOtherIncomeExpensesNet": 4143000,
      "incomeBeforeTax": -54489000,
      "incomeTaxExpense": 195000,
      "netIncomeFromContinuingOperations": -54684000,
      "netIncomeFromDiscontinuedOperations": 1836000,
      "otherAdjustmentsToNetIncome": 0,
      "netIncome": -52423000,
      "netIncomeDeductions": 0,
      "bottomLineNetIncome": -52423000,
      "eps": -0.16,
      "epsDiluted": -0.16,
      "weightedAverageShsOut": 331583000,
      "weightedAverageShsOutDil": 331583000
    },
    {
      "date": "2024-06-30",
      "symbol": "FUBO",
      "reportedCurrency": "USD",
      "cik": "0001484769",
      "filingDate": "2024-08-06",
      "acceptedDate": "2024-08-06 09:04:37",
      "fiscalYear": "2024",
      "period": "Q2",
      "revenue": 390965000,
      "costOfRevenue": 341672000,
      "grossProfit": 49293000,
      "researchAndDevelopmentExpenses": 19349000,
      "generalAndAdministrativeExpenses": 20217000,
      "sellingAndMarketingExpenses": 35883000,
      "sellingGeneralAndAdministrativeExpenses": 56100000,
      "otherExpenses": 9519000,
      "operatingExpenses": 84968000,
      "costAndExpenses": 426640000,
      "netInterestIncome": -3636000,
      "interestIncome": 1927000,
      "interestExpense": 5563000,
      "depreciationAndAmortization": 10489000,
      "ebitda": -9682000,
      "ebit": -20439000,
      "nonOperatingIncomeExcludingInterest": -15236000,
      "operatingIncome": -35675000,
      "totalOtherIncomeExpensesNet": 9941000,
      "incomeBeforeTax": -25734000,
      "incomeTaxExpense": 99000,
      "netIncomeFromContinuingOperations": -25833000,
      "netIncomeFromDiscontinuedOperations": 106000,
      "otherAdjustmentsToNetIncome": 0,
      "netIncome": -25272000,
      "netIncomeDeductions": -106000,
      "bottomLineNetIncome": -25272000,
      "eps": -0.0815,
      "epsDiluted": -0.0815,
      "weightedAverageShsOut": 311254000,
      "weightedAverageShsOutDil": 311254000
    },
    {
      "date": "2024-03-31",
      "symbol": "FUBO",
      "reportedCurrency": "USD",
      "cik": "0001484769",
      "filingDate": "2024-05-03",
      "acceptedDate": "2024-05-03 16:21:19",
      "fiscalYear": "2024",
      "period": "Q1",
      "revenue": 402347000,
      "costOfRevenue": 374670000,
      "grossProfit": 27677000,
      "researchAndDevelopmentExpenses": 20040000,
      "generalAndAdministrativeExpenses": 18509000,
      "sellingAndMarketingExpenses": 43180000,
      "sellingGeneralAndAdministrativeExpenses": 61689000,
      "otherExpenses": 9261000,
      "operatingExpenses": 90990000,
      "costAndExpenses": 465660000,
      "netInterestIncome": -2476000,
      "interestIncome": 2780000,
      "interestExpense": 5256000,
      "depreciationAndAmortization": 10255000,
      "ebitda": -40958000,
      "ebit": -51213000,
      "nonOperatingIncomeExcludingInterest": -12100000,
      "operatingIncome": -63313000,
      "totalOtherIncomeExpensesNet": 7097000,
      "incomeBeforeTax": -56216000,
      "incomeTaxExpense": 113000,
      "netIncomeFromContinuingOperations": -56329000,
      "netIncomeFromDiscontinuedOperations": -255000,
      "otherAdjustmentsToNetIncome": 0,
      "netIncome": -56010000,
      "netIncomeDeductions": 0,
      "bottomLineNetIncome": -56010000,
      "eps": -0.19,
      "epsDiluted": -0.19,
      "weightedAverageShsOut": 294789000,
      "weightedAverageShsOutDil": 299363000
    },
    {
      "date": "2023-12-31",
      "symbol": "FUBO",
      "reportedCurrency": "USD",
      "cik": "0001484769",
      "filingDate": "2024-03-05",
      "acceptedDate": "2024-03-04 17:53:21",
      "fiscalYear": "2023",
      "period": "Q4",
      "revenue": 410181000,
      "costOfRevenue": 370400000,
      "grossProfit": 39781000,
      "researchAndDevelopmentExpenses": 14164000,
      "generalAndAdministrativeExpenses": 18284000,
      "sellingAndMarketingExpenses": 69786000,
      "sellingGeneralAndAdministrativeExpenses": 88070000,
      "otherExpenses": 9638000,
      "operatingExpenses": 111872000,
      "costAndExpenses": 482272000,
      "netInterestIncome": -1205000,
      "interestIncome": 2908000,
      "interestExpense": 4113000,
      "depreciationAndAmortization": 10427000,
      "ebitda": -48834000,
      "ebit": -59261000,
      "nonOperatingIncomeExcludingInterest": -12830000,
      "operatingIncome": -72091000,
      "totalOtherIncomeExpensesNet": 654000,
      "incomeBeforeTax": -71437000,
      "incomeTaxExpense": -397000,
      "netIncomeFromContinuingOperations": -71040000,
      "netIncomeFromDiscontinuedOperations": 513000,
      "otherAdjustmentsToNetIncome": 0,
      "netIncome": -70090000,
      "netIncomeDeductions": 0,
      "bottomLineNetIncome": -70577000,
      "eps": -0.24,
      "epsDiluted": -0.24,
      "weightedAverageShsOut": 294738000,
      "weightedAverageShsOutDil": 294738000
    },
    {
      "date": "2023-09-30",
      "symbol": "FUBO",
      "reportedCurrency": "USD",
      "cik": "0001484769",
      "filingDate": "2023-11-03",
      "acceptedDate": "2023-11-03 16:21:34",
      "fiscalYear": "2023",
      "period": "Q3",
      "revenue": 320935000,
      "costOfRevenue": 301255000,
      "grossProfit": 19680000,
      "researchAndDevelopmentExpenses": 17506000,
      "generalAndAdministrativeExpenses": 15861000,
      "sellingAndMarketingExpenses": 60494000,
      "sellingGeneralAndAdministrativeExpenses": 46453000,
      "otherExpenses": 39005000,
      "operatingExpenses": 102964000,
      "costAndExpenses": 404219000,
      "netInterestIncome": -1130000,
      "interestIncome": 2960000,
      "interestExpense": 4090000,
      "depreciationAndAmortization": 10081000,
      "ebitda": -70561000,
      "ebit": -80642000,
      "nonOperatingIncomeExcludingInterest": -2642000,
      "operatingIncome": -83284000,
      "totalOtherIncomeExpensesNet": -1448000,
      "incomeBeforeTax": -84732000,
      "incomeTaxExpense": -247000,
      "netIncomeFromContinuingOperations": -84485000,
      "netIncomeFromDiscontinuedOperations": 669000,
      "otherAdjustmentsToNetIncome": 0,
      "netIncome": -83811000,
      "netIncomeDeductions": 0,
      "bottomLineNetIncome": -84485000,
      "eps": -0.29,
      "epsDiluted": -0.29,
      "weightedAverageShsOut": 292694000,
      "weightedAverageShsOutDil": 292694000
    },
    {
      "date": "2023-06-30",
      "symbol": "FUBO",
      "reportedCurrency": "USD",
      "cik": "0001484769",
      "filingDate": "2023-08-07",
      "acceptedDate": "2023-08-07 16:12:44",
      "fiscalYear": "2023",
      "period": "Q2",
      "revenue": 312735000,
      "costOfRevenue": 289280000,
      "grossProfit": 23455000,
      "researchAndDevelopmentExpenses": 14798000,
      "generalAndAdministrativeExpenses": 15460000,
      "sellingAndMarketingExpenses": 33819000,
      "sellingGeneralAndAdministrativeExpenses": 49279000,
      "otherExpenses": -713000,
      "operatingExpenses": 75970000,
      "costAndExpenses": 365250000,
      "netInterestIncome": -1102000,
      "interestIncome": 2985000,
      "interestExpense": 4087000,
      "depreciationAndAmortization": 9605000,
      "ebitda": -40638000,
      "ebit": -53228000,
      "nonOperatingIncomeExcludingInterest": -2272000,
      "operatingIncome": -52515000,
      "totalOtherIncomeExpensesNet": -1815000,
      "incomeBeforeTax": -54330000,
      "incomeTaxExpense": -121000,
      "netIncomeFromContinuingOperations": -54209000,
      "netIncomeFromDiscontinuedOperations": 4259000,
      "otherAdjustmentsToNetIncome": 0,
      "netIncome": -49940000,
      "netIncomeDeductions": 0,
      "bottomLineNetIncome": -49940000,
      "eps": -0.17,
      "epsDiluted": -0.17,
      "weightedAverageShsOut": 268798000,
      "weightedAverageShsOutDil": 291720000
    },
    {
      "date": "2023-03-31",
      "symbol": "FUBO",
      "reportedCurrency": "USD",
      "cik": "0001484769",
      "filingDate": "2023-05-08",
      "acceptedDate": "2023-05-08 16:06:50",
      "fiscalYear": "2023",
      "period": "Q1",
      "revenue": 324374000,
      "costOfRevenue": 321142000,
      "grossProfit": 3232000,
      "researchAndDevelopmentExpenses": 18227000,
      "generalAndAdministrativeExpenses": 14677000,
      "sellingAndMarketingExpenses": 42946000,
      "sellingGeneralAndAdministrativeExpenses": 57623000,
      "otherExpenses": 8842000,
      "operatingExpenses": 84692000,
      "costAndExpenses": 405834000,
      "netInterestIncome": -1878000,
      "interestIncome": 2118000,
      "interestExpense": 3996000,
      "depreciationAndAmortization": 9509000,
      "ebitda": -69977000,
      "ebit": -81604000,
      "nonOperatingIncomeExcludingInterest": -1974000,
      "operatingIncome": -81460000,
      "totalOtherIncomeExpensesNet": -2022000,
      "incomeBeforeTax": -83482000,
      "incomeTaxExpense": -114000,
      "netIncomeFromContinuingOperations": -83368000,
      "netIncomeFromDiscontinuedOperations": -256000,
      "otherAdjustmentsToNetIncome": 0,
      "netIncome": -83613000,
      "netIncomeDeductions": 0,
      "bottomLineNetIncome": -83357000,
      "eps": -0.37,
      "epsDiluted": -0.37,
      "weightedAverageShsOut": 225462000,
      "weightedAverageShsOutDil": 225462000
    },
    {
      "date": "2022-12-31",
      "symbol": "FUBO",
      "reportedCurrency": "USD",
      "cik": "0001484769",
      "filingDate": "2023-02-27",
      "acceptedDate": "2023-02-27 06:04:32",
      "fiscalYear": "2022",
      "period": "Q4",
      "revenue": 319974000,
      "costOfRevenue": 275607000,
      "grossProfit": 3271000,
      "researchAndDevelopmentExpenses": 6787000,
      "generalAndAdministrativeExpenses": 15437000,
      "sellingAndMarketingExpenses": 57616000,
      "sellingGeneralAndAdministrativeExpenses": 73053000,
      "otherExpenses": 8229000,
      "operatingExpenses": 96514000,
      "costAndExpenses": 379872000,
      "netInterestIncome": -2086000,
      "interestIncome": 2654000,
      "interestExpense": 2086000,
      "depreciationAndAmortization": 9523000,
      "ebitda": -37523000,
      "ebit": -13638000,
      "nonOperatingIncomeExcludingInterest": -13312000,
      "operatingIncome": -59898000,
      "totalOtherIncomeExpensesNet": 11226000,
      "incomeBeforeTax": -96431000,
      "incomeTaxExpense": -516000,
      "netIncomeFromContinuingOperations": -95915000,
      "netIncomeFromDiscontinuedOperations": 0,
      "otherAdjustmentsToNetIncome": -137316000,
      "netIncome": -15208000,
      "netIncomeDeductions": -442000,
      "bottomLineNetIncome": -151981000,
      "eps": -0.76,
      "epsDiluted": -0.76,
      "weightedAverageShsOut": 200129000,
      "weightedAverageShsOutDil": 200129000
    },
    {
      "date": "2022-09-30",
      "symbol": "FUBO",
      "reportedCurrency": "USD",
      "cik": "0001484769",
      "filingDate": "2022-11-07",
      "acceptedDate": "2022-11-07 16:28:06",
      "fiscalYear": "2022",
      "period": "Q3",
      "revenue": 224813000,
      "costOfRevenue": 231074000,
      "grossProfit": -6261000,
      "researchAndDevelopmentExpenses": 20129000,
      "generalAndAdministrativeExpenses": 16232000,
      "sellingAndMarketingExpenses": 55288000,
      "sellingGeneralAndAdministrativeExpenses": 71520000,
      "otherExpenses": 8408000,
      "operatingExpenses": 108614000,
      "costAndExpenses": 339688000,
      "netInterestIncome": -3187000,
      "interestIncome": 0,
      "interestExpense": 3187000,
      "depreciationAndAmortization": 10456000,
      "ebitda": -93963000,
      "ebit": -103615000,
      "nonOperatingIncomeExcludingInterest": -608000,
      "operatingIncome": -103615000,
      "totalOtherIncomeExpensesNet": -49523000,
      "incomeBeforeTax": -153138000,
      "incomeTaxExpense": -392000,
      "netIncomeFromContinuingOperations": -105802000,
      "netIncomeFromDiscontinuedOperations": -46944000,
      "otherAdjustmentsToNetIncome": 0,
      "netIncome": -152648000,
      "netIncomeDeductions": 0,
      "bottomLineNetIncome": -152648000,
      "eps": -0.82,
      "epsDiluted": -0.82,
      "weightedAverageShsOut": 186751000,
      "weightedAverageShsOutDil": 186751000
    },
    {
      "date": "2022-06-30",
      "symbol": "FUBO",
      "reportedCurrency": "USD",
      "cik": "0001484769",
      "filingDate": "2022-08-08",
      "acceptedDate": "2022-08-08 16:14:09",
      "fiscalYear": "2022",
      "period": "Q2",
      "revenue": 221890000,
      "costOfRevenue": 236057000,
      "grossProfit": -14167000,
      "researchAndDevelopmentExpenses": 20923000,
      "generalAndAdministrativeExpenses": 27445000,
      "sellingAndMarketingExpenses": 22020000,
      "sellingGeneralAndAdministrativeExpenses": 49465000,
      "otherExpenses": 8519000,
      "operatingExpenses": 87676000,
      "costAndExpenses": 323733000,
      "netInterestIncome": -4130000,
      "interestIncome": 0,
      "interestExpense": 4130000,
      "depreciationAndAmortization": 9424000,
      "ebitda": -81765000,
      "ebit": -91384000,
      "nonOperatingIncomeExcludingInterest": -195000,
      "operatingIncome": -91384000,
      "totalOtherIncomeExpensesNet": -14786000,
      "incomeBeforeTax": -116629000,
      "incomeTaxExpense": -355000,
      "netIncomeFromContinuingOperations": -94964000,
      "netIncomeFromDiscontinuedOperations": -21310000,
      "otherAdjustmentsToNetIncome": 0,
      "netIncome": -116274000,
      "netIncomeDeductions": 0,
      "bottomLineNetIncome": -116124000,
      "eps": -0.63,
      "epsDiluted": -0.63,
      "weightedAverageShsOut": 185103000,
      "weightedAverageShsOutDil": 185103000
    },
    {
      "date": "2022-03-31",
      "symbol": "FUBO",
      "reportedCurrency": "USD",
      "cik": "0001484769",
      "filingDate": "2022-05-10",
      "acceptedDate": "2022-05-09 18:03:01",
      "fiscalYear": "2022",
      "period": "Q1",
      "revenue": 242019000,
      "costOfRevenue": 265958000,
      "grossProfit": -23939000,
      "researchAndDevelopmentExpenses": 21425000,
      "generalAndAdministrativeExpenses": 26693000,
      "sellingAndMarketingExpenses": 42552000,
      "sellingGeneralAndAdministrativeExpenses": 69245000,
      "otherExpenses": 11462000,
      "operatingExpenses": 111302000,
      "costAndExpenses": 377260000,
      "netInterestIncome": -4201000,
      "interestIncome": 0,
      "interestExpense": 4201000,
      "depreciationAndAmortization": 13229000,
      "ebitda": -111601000,
      "ebit": -122957000,
      "nonOperatingIncomeExcludingInterest": 1608000,
      "operatingIncome": -122957000,
      "totalOtherIncomeExpensesNet": -5809000,
      "incomeBeforeTax": -128766000,
      "incomeTaxExpense": -403000,
      "netIncomeFromContinuingOperations": -128363000,
      "netIncomeFromDiscontinuedOperations": -12454000,
      "otherAdjustmentsToNetIncome": 0,
      "netIncome": -140817000,
      "netIncomeDeductions": 0,
      "bottomLineNetIncome": -140724000,
      "eps": -0.89,
      "epsDiluted": -0.89,
      "weightedAverageShsOut": 157503000,
      "weightedAverageShsOutDil": 157503000
    },
    {
      "date": "2021-12-31",
      "symbol": "FUBO",
      "reportedCurrency": "USD",
      "cik": "0001484769",
      "filingDate": "2022-03-01",
      "acceptedDate": "2022-02-28 18:36:37",
      "fiscalYear": "2021",
      "period": "Q4",
      "revenue": 231056000,
      "costOfRevenue": 234361000,
      "grossProfit": -3305000,
      "researchAndDevelopmentExpenses": 13817000,
      "generalAndAdministrativeExpenses": 34450000,
      "sellingAndMarketingExpenses": 48349000,
      "sellingGeneralAndAdministrativeExpenses": 82799000,
      "otherExpenses": 12578000,
      "operatingExpenses": 106709000,
      "costAndExpenses": 341070000,
      "netInterestIncome": -7689000,
      "interestIncome": 0,
      "interestExpense": 7689000,
      "depreciationAndAmortization": 10553000,
      "ebitda": -94688000,
      "ebit": -105241000,
      "nonOperatingIncomeExcludingInterest": -4773000,
      "operatingIncome": -110014000,
      "totalOtherIncomeExpensesNet": -2916000,
      "incomeBeforeTax": -112930000,
      "incomeTaxExpense": -948000,
      "netIncomeFromContinuingOperations": -111982000,
      "netIncomeFromDiscontinuedOperations": 0,
      "otherAdjustmentsToNetIncome": 0,
      "netIncome": -111961000,
      "netIncomeDeductions": 0,
      "bottomLineNetIncome": -111961000,
      "eps": -0.76,
      "epsDiluted": -0.76,
      "weightedAverageShsOut": 148053000,
      "weightedAverageShsOutDil": 148168000
    },
    {
      "date": "2021-09-30",
      "symbol": "FUBO",
      "reportedCurrency": "USD",
      "cik": "0001484769",
      "filingDate": "2021-11-10",
      "acceptedDate": "2021-11-10 16:10:44",
      "fiscalYear": "2021",
      "period": "Q3",
      "revenue": 156690000,
      "costOfRevenue": 157690000,
      "grossProfit": -1000000,
      "researchAndDevelopmentExpenses": 15257000,
      "generalAndAdministrativeExpenses": 27288000,
      "sellingAndMarketingExpenses": 50381000,
      "sellingGeneralAndAdministrativeExpenses": 77669000,
      "otherExpenses": -72000,
      "operatingExpenses": 102258000,
      "costAndExpenses": 259948000,
      "netInterestIncome": -7540000,
      "interestIncome": 0,
      "interestExpense": 7540000,
      "depreciationAndAmortization": 9692000,
      "ebitda": -89148000,
      "ebit": -98840000,
      "nonOperatingIncomeExcludingInterest": -4418000,
      "operatingIncome": -103258000,
      "totalOtherIncomeExpensesNet": -3122000,
      "incomeBeforeTax": -106380000,
      "incomeTaxExpense": -515000,
      "netIncomeFromContinuingOperations": -105865000,
      "netIncomeFromDiscontinuedOperations": 0,
      "otherAdjustmentsToNetIncome": 0,
      "netIncome": -105851000,
      "netIncomeDeductions": 0,
      "bottomLineNetIncome": -105851000,
      "eps": -0.74,
      "epsDiluted": -0.74,
      "weightedAverageShsOut": 142530000,
      "weightedAverageShsOutDil": 142530000
    },
    {
      "date": "2021-06-30",
      "symbol": "FUBO",
      "reportedCurrency": "USD",
      "cik": "0001484769",
      "filingDate": "2021-08-11",
      "acceptedDate": "2021-08-11 16:31:49",
      "fiscalYear": "2021",
      "period": "Q2",
      "revenue": 130884000,
      "costOfRevenue": 132895000,
      "grossProfit": -2011000,
      "researchAndDevelopmentExpenses": 20001000,
      "generalAndAdministrativeExpenses": 28293000,
      "sellingAndMarketingExpenses": 21514000,
      "sellingGeneralAndAdministrativeExpenses": 49807000,
      "otherExpenses": 9247000,
      "operatingExpenses": 79055000,
      "costAndExpenses": 211950000,
      "netInterestIncome": -8218000,
      "interestIncome": 0,
      "interestExpense": 8218000,
      "depreciationAndAmortization": 9620000,
      "ebitda": -77845000,
      "ebit": -87465000,
      "nonOperatingIncomeExcludingInterest": 6399000,
      "operatingIncome": -81066000,
      "totalOtherIncomeExpensesNet": -14617000,
      "incomeBeforeTax": -95683000,
      "incomeTaxExpense": -753000,
      "netIncomeFromContinuingOperations": -94930000,
      "netIncomeFromDiscontinuedOperations": 0,
      "otherAdjustmentsToNetIncome": 0,
      "netIncome": -94915000,
      "netIncomeDeductions": 0,
      "bottomLineNetIncome": -94915000,
      "eps": -0.68,
      "epsDiluted": -0.68,
      "weightedAverageShsOut": 140596000,
      "weightedAverageShsOutDil": 140596000
    },
    {
      "date": "2021-03-31",
      "symbol": "FUBO",
      "reportedCurrency": "USD",
      "cik": "0001484769",
      "filingDate": "2021-05-13",
      "acceptedDate": "2021-05-13 16:06:04",
      "fiscalYear": "2021",
      "period": "Q1",
      "revenue": 119720000,
      "costOfRevenue": 123858000,
      "grossProfit": -4138000,
      "researchAndDevelopmentExpenses": 11438000,
      "generalAndAdministrativeExpenses": 18154000,
      "sellingAndMarketingExpenses": 22143000,
      "sellingGeneralAndAdministrativeExpenses": 40297000,
      "otherExpenses": 9209000,
      "operatingExpenses": 60944000,
      "costAndExpenses": 184802000,
      "netInterestIncome": -4966000,
      "interestIncome": 0,
      "interestExpense": 4966000,
      "depreciationAndAmortization": 9460000,
      "ebitda": -56225000,
      "ebit": -65685000,
      "nonOperatingIncomeExcludingInterest": 603000,
      "operatingIncome": -65082000,
      "totalOtherIncomeExpensesNet": -5569000,
      "incomeBeforeTax": -70651000,
      "incomeTaxExpense": -465000,
      "netIncomeFromContinuingOperations": -70186000,
      "netIncomeFromDiscontinuedOperations": 0,
      "otherAdjustmentsToNetIncome": 0,
      "netIncome": -70110000,
      "netIncomeDeductions": 0,
      "bottomLineNetIncome": -70110000,
      "eps": -0.59,
      "epsDiluted": -0.59,
      "weightedAverageShsOut": 118584000,
      "weightedAverageShsOutDil": 118584000
    },
    {
      "date": "2020-12-31",
      "symbol": "FUBO",
      "reportedCurrency": "USD",
      "cik": "0001484769",
      "filingDate": "2021-03-25",
      "acceptedDate": "2021-03-25 16:26:50",
      "fiscalYear": "2020",
      "period": "Q4",
      "revenue": 105077000,
      "costOfRevenue": 100198000,
      "grossProfit": 4879000,
      "researchAndDevelopmentExpenses": 9912000,
      "generalAndAdministrativeExpenses": 35504000,
      "sellingAndMarketingExpenses": 29615000,
      "sellingGeneralAndAdministrativeExpenses": 65119000,
      "otherExpenses": 22167000,
      "operatingExpenses": 97199000,
      "costAndExpenses": 197396000,
      "netInterestIncome": -528000,
      "interestIncome": 0,
      "interestExpense": 528000,
      "depreciationAndAmortization": 9488000,
      "ebitda": -173702000,
      "ebit": -183872000,
      "nonOperatingIncomeExcludingInterest": 91552000,
      "operatingIncome": -92319000,
      "totalOtherIncomeExpensesNet": -92080000,
      "incomeBeforeTax": -184399000,
      "incomeTaxExpense": 10929000,
      "netIncomeFromContinuingOperations": -195328000,
      "netIncomeFromDiscontinuedOperations": 0,
      "otherAdjustmentsToNetIncome": -170000,
      "netIncome": -167824000,
      "netIncomeDeductions": 0,
      "bottomLineNetIncome": -167995000,
      "eps": -3.78,
      "epsDiluted": -2.47,
      "weightedAverageShsOut": 44346500,
      "weightedAverageShsOutDil": 67907000
    },
    {
      "date": "2020-09-30",
      "symbol": "FUBO",
      "reportedCurrency": "USD",
      "cik": "0001484769",
      "filingDate": "2020-11-16",
      "acceptedDate": "2020-11-16 07:00:52",
      "fiscalYear": "2020",
      "period": "Q3",
      "revenue": 61202000,
      "costOfRevenue": 71006000,
      "grossProfit": -9804000,
      "researchAndDevelopmentExpenses": 10727000,
      "generalAndAdministrativeExpenses": 8270000,
      "sellingAndMarketingExpenses": 22269000,
      "sellingGeneralAndAdministrativeExpenses": 30539000,
      "otherExpenses": 583000,
      "operatingExpenses": 292360000,
      "costAndExpenses": 363366000,
      "netInterestIncome": -2203000,
      "interestIncome": 0,
      "interestExpense": 2203000,
      "depreciationAndAmortization": 14413000,
      "ebitda": -273305000,
      "ebit": -287985000,
      "nonOperatingIncomeExcludingInterest": -14179000,
      "operatingIncome": -302164000,
      "totalOtherIncomeExpensesNet": 11976000,
      "incomeBeforeTax": -290188000,
      "incomeTaxExpense": -16071000,
      "netIncomeFromContinuingOperations": -274117000,
      "netIncomeFromDiscontinuedOperations": 0,
      "otherAdjustmentsToNetIncome": 0,
      "netIncome": -274117000,
      "netIncomeDeductions": 0,
      "bottomLineNetIncome": -274117000,
      "eps": -6.2,
      "epsDiluted": -6.2,
      "weightedAverageShsOut": 44200000,
      "weightedAverageShsOutDil": 44200000
    },
    {
      "date": "2020-06-30",
      "symbol": "FUBO",
      "reportedCurrency": "USD",
      "cik": "0001484769",
      "filingDate": "2020-08-13",
      "acceptedDate": "2020-08-13 16:05:28",
      "fiscalYear": "2020",
      "period": "Q2",
      "revenue": 44172000,
      "costOfRevenue": 62579000,
      "grossProfit": -18407000,
      "researchAndDevelopmentExpenses": 9551000,
      "generalAndAdministrativeExpenses": 17338000,
      "sellingAndMarketingExpenses": 7577000,
      "sellingGeneralAndAdministrativeExpenses": 24915000,
      "otherExpenses": 14417000,
      "operatingExpenses": 48883000,
      "costAndExpenses": 111462000,
      "netInterestIncome": -13325000,
      "interestIncome": 0,
      "interestExpense": 13325000,
      "depreciationAndAmortization": 14571000,
      "ebitda": -49189000,
      "ebit": -67290000,
      "nonOperatingIncomeExcludingInterest": -3530000,
      "operatingIncome": -67290000,
      "totalOtherIncomeExpensesNet": -35946000,
      "incomeBeforeTax": -103236000,
      "incomeTaxExpense": -3481000,
      "netIncomeFromContinuingOperations": -99755000,
      "netIncomeFromDiscontinuedOperations": 0,
      "otherAdjustmentsToNetIncome": 0,
      "netIncome": -99073000,
      "netIncomeDeductions": -26151000,
      "bottomLineNetIncome": -72922000,
      "eps": -2.08,
      "epsDiluted": -2.08,
      "weightedAverageShsOut": 35045000,
      "weightedAverageShsOutDil": 35045000
    },
    {
      "date": "2020-03-31",
      "symbol": "FUBO",
      "reportedCurrency": "USD",
      "cik": "0001484769",
      "filingDate": "2020-07-06",
      "acceptedDate": "2020-07-06 17:29:57",
      "fiscalYear": "2020",
      "period": "Q1",
      "revenue": 7295000,
      "costOfRevenue": 5217000,
      "grossProfit": 2078000,
      "researchAndDevelopmentExpenses": 0,
      "generalAndAdministrativeExpenses": 20203000,
      "sellingAndMarketingExpenses": 0,
      "sellingGeneralAndAdministrativeExpenses": 20203000,
      "otherExpenses": 0,
      "operatingExpenses": 20206000,
      "costAndExpenses": 25423000,
      "netInterestIncome": -2581000,
      "interestIncome": 0,
      "interestExpense": 2581000,
      "depreciationAndAmortization": 5233000,
      "ebitda": -49567000,
      "ebit": -54800000,
      "nonOperatingIncomeExcludingInterest": 36672000,
      "operatingIncome": -18128000,
      "totalOtherIncomeExpensesNet": -39253000,
      "incomeBeforeTax": -57381000,
      "incomeTaxExpense": -1038000,
      "netIncomeFromContinuingOperations": -56343000,
      "netIncomeFromDiscontinuedOperations": 0,
      "otherAdjustmentsToNetIncome": 0,
      "netIncome": -55470000,
      "netIncomeDeductions": 0,
      "bottomLineNetIncome": -55641000,
      "eps": -1.83,
      "epsDiluted": -1.83,
      "weightedAverageShsOut": 30338000,
      "weightedAverageShsOutDil": 30338000
    },
    {
      "date": "2019-12-31",
      "symbol": "FUBO",
      "reportedCurrency": "USD",
      "cik": "0001484769",
      "filingDate": "2020-05-29",
      "acceptedDate": "2020-05-29 17:26:14",
      "fiscalYear": "2019",
      "period": "Q4",
      "revenue": -1563000,
      "costOfRevenue": 15460000,
      "grossProfit": -17023000,
      "researchAndDevelopmentExpenses": 0,
      "generalAndAdministrativeExpenses": 9688000,
      "sellingAndMarketingExpenses": 0,
      "sellingGeneralAndAdministrativeExpenses": 9688000,
      "otherExpenses": 3330000,
      "operatingExpenses": 14864000,
      "costAndExpenses": 9642000,
      "netInterestIncome": 550000,
      "interestIncome": 0,
      "interestExpense": 68000,
      "depreciationAndAmortization": 5330000,
      "ebitda": -101335000,
      "ebit": -106665000,
      "nonOperatingIncomeExcludingInterest": 12421000,
      "operatingIncome": -114926000,
      "totalOtherIncomeExpensesNet": -12489000,
      "incomeBeforeTax": -106733000,
      "incomeTaxExpense": -2038000,
      "netIncomeFromContinuingOperations": -104695000,
      "netIncomeFromDiscontinuedOperations": 0,
      "otherAdjustmentsToNetIncome": 0,
      "netIncome": -102042000,
      "netIncomeDeductions": 0,
      "bottomLineNetIncome": -98488000,
      "eps": -3.43,
      "epsDiluted": -3.43,
      "weightedAverageShsOut": 28324000,
      "weightedAverageShsOutDil": 28649000
    },
    {
      "date": "2019-09-30",
      "symbol": "FUBO",
      "reportedCurrency": "USD",
      "cik": "0001484769",
      "filingDate": "2019-11-19",
      "acceptedDate": "2019-11-19 17:31:41",
      "fiscalYear": "2019",
      "period": "Q3",
      "revenue": 5834000,
      "costOfRevenue": 5222000,
      "grossProfit": 612000,
      "researchAndDevelopmentExpenses": 5222000,
      "generalAndAdministrativeExpenses": 2171000,
      "sellingAndMarketingExpenses": 93000,
      "sellingGeneralAndAdministrativeExpenses": 2264000,
      "otherExpenses": 0,
      "operatingExpenses": 7537000,
      "costAndExpenses": 12759000,
      "netInterestIncome": -612000,
      "interestIncome": 482000,
      "interestExpense": 1094000,
      "depreciationAndAmortization": 5293000,
      "ebitda": -1550000,
      "ebit": -6843000,
      "nonOperatingIncomeExcludingInterest": -82000,
      "operatingIncome": -6925000,
      "totalOtherIncomeExpensesNet": -1012000,
      "incomeBeforeTax": -7937000,
      "incomeTaxExpense": -1028000,
      "netIncomeFromContinuingOperations": -6909000,
      "netIncomeFromDiscontinuedOperations": 0,
      "otherAdjustmentsToNetIncome": 0,
      "netIncome": -6781000,
      "netIncomeDeductions": 0,
      "bottomLineNetIncome": -7166000,
      "eps": -0.29,
      "epsDiluted": -0.29,
      "weightedAverageShsOut": 24363000,
      "weightedAverageShsOutDil": 24363000
    },
    {
      "date": "2019-06-30",
      "symbol": "FUBO",
      "reportedCurrency": "USD",
      "cik": "0001484769",
      "filingDate": "2019-08-14",
      "acceptedDate": "2019-08-14 16:45:58",
      "fiscalYear": "2019",
      "period": "Q2",
      "revenue": 0,
      "costOfRevenue": 5158000,
      "grossProfit": 0,
      "researchAndDevelopmentExpenses": 0,
      "generalAndAdministrativeExpenses": 693000,
      "sellingAndMarketingExpenses": 111000,
      "sellingGeneralAndAdministrativeExpenses": 804000,
      "otherExpenses": 5158000,
      "operatingExpenses": 5962000,
      "costAndExpenses": 5962000,
      "netInterestIncome": -454000,
      "interestIncome": 0,
      "interestExpense": 454000,
      "depreciationAndAmortization": 5178000,
      "ebitda": 1210000,
      "ebit": -3948000,
      "nonOperatingIncomeExcludingInterest": -2014000,
      "operatingIncome": -5962000,
      "totalOtherIncomeExpensesNet": 1560000,
      "incomeBeforeTax": -4402000,
      "incomeTaxExpense": -1037000,
      "netIncomeFromContinuingOperations": -3365000,
      "netIncomeFromDiscontinuedOperations": 0,
      "otherAdjustmentsToNetIncome": 0,
      "netIncome": -5547000,
      "netIncomeDeductions": 0,
      "bottomLineNetIncome": -5547000,
      "eps": -0.24,
      "epsDiluted": -0.24,
      "weightedAverageShsOut": 22964000,
      "weightedAverageShsOutDil": 22964000
    },
    {
      "date": "2019-03-31",
      "symbol": "FUBO",
      "reportedCurrency": "USD",
      "cik": "0001484769",
      "filingDate": "2019-06-27",
      "acceptedDate": "2019-06-26 20:38:37",
      "fiscalYear": "2019",
      "period": "Q1",
      "revenue": 0,
      "costOfRevenue": 5158000,
      "grossProfit": 0,
      "researchAndDevelopmentExpenses": 0,
      "generalAndAdministrativeExpenses": 1037000,
      "sellingAndMarketingExpenses": 0,
      "sellingGeneralAndAdministrativeExpenses": 1037000,
      "otherExpenses": 5158000,
      "operatingExpenses": 6195000,
      "costAndExpenses": 6195000,
      "netInterestIncome": -446000,
      "interestIncome": 0,
      "interestExpense": 446000,
      "depreciationAndAmortization": 5164000,
      "ebitda": 1568000,
      "ebit": -3590000,
      "nonOperatingIncomeExcludingInterest": -2605000,
      "operatingIncome": -6195000,
      "totalOtherIncomeExpensesNet": 2159000,
      "incomeBeforeTax": -4036000,
      "incomeTaxExpense": -1169000,
      "netIncomeFromContinuingOperations": -2867000,
      "netIncomeFromDiscontinuedOperations": 0,
      "otherAdjustmentsToNetIncome": 0,
      "netIncome": -3466000,
      "netIncomeDeductions": 0,
      "bottomLineNetIncome": -3466000,
      "eps": -0.27,
      "epsDiluted": -0.27,
      "weightedAverageShsOut": 12837000,
      "weightedAverageShsOutDil": 12883000
    },
    {
      "date": "2018-12-31",
      "symbol": "FUBO",
      "reportedCurrency": "USD",
      "cik": "0001484769",
      "filingDate": "2019-06-10",
      "acceptedDate": "2019-06-07 20:04:27",
      "fiscalYear": "2018",
      "period": "Q4",
      "revenue": 49000,
      "costOfRevenue": 31000,
      "grossProfit": 18000,
      "researchAndDevelopmentExpenses": 0,
      "generalAndAdministrativeExpenses": 1940000,
      "sellingAndMarketingExpenses": 0,
      "sellingGeneralAndAdministrativeExpenses": 1940000,
      "otherExpenses": 5651000,
      "operatingExpenses": 7591000,
      "costAndExpenses": 7591000,
      "netInterestIncome": 1612000,
      "interestIncome": 0,
      "interestExpense": 920567,
      "depreciationAndAmortization": 5651000,
      "ebitda": -887000,
      "ebit": -6538000,
      "nonOperatingIncomeExcludingInterest": -1053000,
      "operatingIncome": -7591000,
      "totalOtherIncomeExpensesNet": 132722,
      "incomeBeforeTax": -7458000,
      "incomeTaxExpense": -2114000,
      "netIncomeFromContinuingOperations": -5344000,
      "netIncomeFromDiscontinuedOperations": 0,
      "otherAdjustmentsToNetIncome": 0,
      "netIncome": -3468000,
      "netIncomeDeductions": 0,
      "bottomLineNetIncome": -3468000,
      "eps": -0.46,
      "epsDiluted": -0.46,
      "weightedAverageShsOut": 7533000,
      "weightedAverageShsOutDil": 7533000
    },
    {
      "date": "2018-09-30",
      "symbol": "FUBO",
      "reportedCurrency": "USD",
      "cik": "0001484769",
      "filingDate": "2018-11-19",
      "acceptedDate": "2018-11-19 13:45:13",
      "fiscalYear": "2018",
      "period": "Q3",
      "revenue": 0,
      "costOfRevenue": 35000,
      "grossProfit": -35000000,
      "researchAndDevelopmentExpenses": 0,
      "generalAndAdministrativeExpenses": 2926000,
      "sellingAndMarketingExpenses": 0,
      "sellingGeneralAndAdministrativeExpenses": 2926000,
      "otherExpenses": 2566000,
      "operatingExpenses": 5492000,
      "costAndExpenses": 5492000,
      "netInterestIncome": -822000,
      "interestIncome": 0,
      "interestExpense": 822000,
      "depreciationAndAmortization": 2566000,
      "ebitda": -1479000,
      "ebit": -4045000,
      "nonOperatingIncomeExcludingInterest": -1447000,
      "operatingIncome": -5492000,
      "totalOtherIncomeExpensesNet": 626278,
      "incomeBeforeTax": -4866000,
      "incomeTaxExpense": -605461000,
      "netIncomeFromContinuingOperations": -4867000,
      "netIncomeFromDiscontinuedOperations": 0,
      "otherAdjustmentsToNetIncome": 743,
      "netIncome": -4260000,
      "netIncomeDeductions": 743,
      "bottomLineNetIncome": -4261000,
      "eps": -0.9,
      "epsDiluted": -0.9,
      "weightedAverageShsOut": 4753000,
      "weightedAverageShsOutDil": 4753000
    },
    {
      "date": "2018-06-30",
      "symbol": "FUBO",
      "reportedCurrency": "USD",
      "cik": "0001484769",
      "filingDate": "2018-08-15",
      "acceptedDate": "2018-08-15 15:15:39",
      "fiscalYear": "2018",
      "period": "Q2",
      "revenue": 0,
      "costOfRevenue": 0,
      "grossProfit": 0,
      "researchAndDevelopmentExpenses": 0,
      "generalAndAdministrativeExpenses": 588000,
      "sellingAndMarketingExpenses": 452000,
      "sellingGeneralAndAdministrativeExpenses": 1040000,
      "otherExpenses": 0,
      "operatingExpenses": 1040000,
      "costAndExpenses": 1040000,
      "netInterestIncome": -818000,
      "interestIncome": 0,
      "interestExpense": 818000,
      "depreciationAndAmortization": -205000,
      "ebitda": -1574000,
      "ebit": -1369000,
      "nonOperatingIncomeExcludingInterest": 329000,
      "operatingIncome": -1040000,
      "totalOtherIncomeExpensesNet": -1147000,
      "incomeBeforeTax": -2187000,
      "incomeTaxExpense": 0,
      "netIncomeFromContinuingOperations": -2187000,
      "netIncomeFromDiscontinuedOperations": 0,
      "otherAdjustmentsToNetIncome": 0,
      "netIncome": -2187000,
      "netIncomeDeductions": 0,
      "bottomLineNetIncome": -2187000,
      "eps": -0.77,
      "epsDiluted": -0.77,
      "weightedAverageShsOut": 2843000,
      "weightedAverageShsOutDil": 2843000
    },
    {
      "date": "2018-03-31",
      "symbol": "FUBO",
      "reportedCurrency": "USD",
      "cik": "0001484769",
      "filingDate": "2018-05-21",
      "acceptedDate": "2018-05-21 14:42:11",
      "fiscalYear": "2018",
      "period": "Q1",
      "revenue": 0,
      "costOfRevenue": 0,
      "grossProfit": 0,
      "researchAndDevelopmentExpenses": 0,
      "generalAndAdministrativeExpenses": 715000,
      "sellingAndMarketingExpenses": 125000,
      "sellingGeneralAndAdministrativeExpenses": 840000,
      "otherExpenses": 0,
      "operatingExpenses": 840000,
      "costAndExpenses": 840000,
      "netInterestIncome": -2623000,
      "interestIncome": 0,
      "interestExpense": 2623000,
      "depreciationAndAmortization": -2137000,
      "ebitda": -209000,
      "ebit": -209000,
      "nonOperatingIncomeExcludingInterest": -631000,
      "operatingIncome": -840000,
      "totalOtherIncomeExpensesNet": 145000,
      "incomeBeforeTax": -695000,
      "incomeTaxExpense": 0,
      "netIncomeFromContinuingOperations": -695000,
      "netIncomeFromDiscontinuedOperations": 0,
      "otherAdjustmentsToNetIncome": 0,
      "netIncome": -695000,
      "netIncomeDeductions": 0,
      "bottomLineNetIncome": -695000,
      "eps": -0.26,
      "epsDiluted": -0.26,
      "weightedAverageShsOut": 2698000,
      "weightedAverageShsOutDil": 2698000
    },
    {
      "date": "2017-12-31",
      "symbol": "FUBO",
      "reportedCurrency": "USD",
      "cik": "0001484769",
      "filingDate": "2018-04-17",
      "acceptedDate": "2018-04-17 15:27:44",
      "fiscalYear": "2017",
      "period": "Q4",
      "revenue": 40999911000,
      "costOfRevenue": 7999961000,
      "grossProfit": 32999950000,
      "researchAndDevelopmentExpenses": 0,
      "generalAndAdministrativeExpenses": 422000,
      "sellingAndMarketingExpenses": 0,
      "sellingGeneralAndAdministrativeExpenses": 422000,
      "otherExpenses": 9000,
      "operatingExpenses": 422000,
      "costAndExpenses": 422000,
      "netInterestIncome": -585000,
      "interestIncome": 0,
      "interestExpense": 585000,
      "depreciationAndAmortization": 500,
      "ebitda": -236000,
      "ebit": -236000,
      "nonOperatingIncomeExcludingInterest": -186000,
      "operatingIncome": -422000,
      "totalOtherIncomeExpensesNet": 49000,
      "incomeBeforeTax": -373000,
      "incomeTaxExpense": 0,
      "netIncomeFromContinuingOperations": -373000,
      "netIncomeFromDiscontinuedOperations": 0,
      "otherAdjustmentsToNetIncome": 0,
      "netIncome": -373000,
      "netIncomeDeductions": 0,
      "bottomLineNetIncome": -373000,
      "eps": -0.14,
      "epsDiluted": -0.14,
      "weightedAverageShsOut": 2660000,
      "weightedAverageShsOutDil": 2660000
    },
    {
      "date": "2017-09-30",
      "symbol": "FUBO",
      "reportedCurrency": "USD",
      "cik": "0001484769",
      "filingDate": "2017-11-21",
      "acceptedDate": "2017-11-21 11:02:09",
      "fiscalYear": "2017",
      "period": "Q3",
      "revenue": 0,
      "costOfRevenue": 0,
      "grossProfit": 0,
      "researchAndDevelopmentExpenses": 0,
      "generalAndAdministrativeExpenses": 226000,
      "sellingAndMarketingExpenses": 0,
      "sellingGeneralAndAdministrativeExpenses": 226000,
      "otherExpenses": 0,
      "operatingExpenses": 226000,
      "costAndExpenses": 226000,
      "netInterestIncome": -314000,
      "interestIncome": 0,
      "interestExpense": 314000,
      "depreciationAndAmortization": -231000,
      "ebitda": -725000,
      "ebit": -494000,
      "nonOperatingIncomeExcludingInterest": 268000,
      "operatingIncome": -226000,
      "totalOtherIncomeExpensesNet": -582000,
      "incomeBeforeTax": -808000,
      "incomeTaxExpense": 0,
      "netIncomeFromContinuingOperations": -808000,
      "netIncomeFromDiscontinuedOperations": 0,
      "otherAdjustmentsToNetIncome": 0,
      "netIncome": -808000,
      "netIncomeDeductions": 0,
      "bottomLineNetIncome": -808000,
      "eps": -0.79,
      "epsDiluted": -0.3,
      "weightedAverageShsOut": 2646000,
      "weightedAverageShsOutDil": 2646000
    },
    {
      "date": "2017-06-30",
      "symbol": "FUBO",
      "reportedCurrency": "USD",
      "cik": "0001484769",
      "filingDate": "2017-08-21",
      "acceptedDate": "2017-08-21 17:20:11",
      "fiscalYear": "2017",
      "period": "Q2",
      "revenue": 36000,
      "costOfRevenue": 8000,
      "grossProfit": 28000,
      "researchAndDevelopmentExpenses": 0,
      "generalAndAdministrativeExpenses": 387000,
      "sellingAndMarketingExpenses": 0,
      "sellingGeneralAndAdministrativeExpenses": 387000,
      "otherExpenses": 1000,
      "operatingExpenses": 387000,
      "costAndExpenses": 395000,
      "netInterestIncome": -5000,
      "interestIncome": 0,
      "interestExpense": 5000,
      "depreciationAndAmortization": 1000,
      "ebitda": 5008000,
      "ebit": 5022000,
      "nonOperatingIncomeExcludingInterest": -5381000,
      "operatingIncome": -359000,
      "totalOtherIncomeExpensesNet": 5376000,
      "incomeBeforeTax": 5017000,
      "incomeTaxExpense": 5000,
      "netIncomeFromContinuingOperations": 5017000,
      "netIncomeFromDiscontinuedOperations": 14000,
      "otherAdjustmentsToNetIncome": 0,
      "netIncome": 5017000,
      "netIncomeDeductions": 0,
      "bottomLineNetIncome": 5017000,
      "eps": 3.79,
      "epsDiluted": 3.79,
      "weightedAverageShsOut": 1323566,
      "weightedAverageShsOutDil": 1323437
    },
    {
      "date": "2017-03-31",
      "symbol": "FUBO",
      "reportedCurrency": "USD",
      "cik": "0001484769",
      "filingDate": "2017-05-22",
      "acceptedDate": "2017-05-22 16:04:56",
      "fiscalYear": "2017",
      "period": "Q1",
      "revenue": 53000,
      "costOfRevenue": 31000,
      "grossProfit": 22000,
      "researchAndDevelopmentExpenses": 0,
      "generalAndAdministrativeExpenses": 192000,
      "sellingAndMarketingExpenses": 0,
      "sellingGeneralAndAdministrativeExpenses": 192000,
      "otherExpenses": 0,
      "operatingExpenses": 192000,
      "costAndExpenses": 223000,
      "netInterestIncome": -7000,
      "interestIncome": 0,
      "interestExpense": 7000,
      "depreciationAndAmortization": 500,
      "ebitda": 6637000,
      "ebit": 6637000,
      "nonOperatingIncomeExcludingInterest": -6807000,
      "operatingIncome": -170000,
      "totalOtherIncomeExpensesNet": 6800000,
      "incomeBeforeTax": 6630000,
      "incomeTaxExpense": -8000,
      "netIncomeFromContinuingOperations": 6630000,
      "netIncomeFromDiscontinuedOperations": 0,
      "otherAdjustmentsToNetIncome": 0,
      "netIncome": 6638000,
      "netIncomeDeductions": 0,
      "bottomLineNetIncome": 6638000,
      "eps": 5860.26,
      "epsDiluted": 2.4,
      "weightedAverageShsOut": 1131,
      "weightedAverageShsOutDil": 873.99072
    },
    {
      "date": "2016-12-31",
      "symbol": "FUBO",
      "reportedCurrency": "USD",
      "cik": "0001484769",
      "filingDate": "2017-04-10",
      "acceptedDate": "2017-04-10 15:50:52",
      "fiscalYear": "2016",
      "period": "Q4",
      "revenue": 32000,
      "costOfRevenue": 33000,
      "grossProfit": -1000,
      "researchAndDevelopmentExpenses": 0,
      "generalAndAdministrativeExpenses": -264000,
      "sellingAndMarketingExpenses": 0,
      "sellingGeneralAndAdministrativeExpenses": -264000,
      "otherExpenses": 411000,
      "operatingExpenses": -200000,
      "costAndExpenses": -33000,
      "netInterestIncome": -12000,
      "interestIncome": 0,
      "interestExpense": 12000,
      "depreciationAndAmortization": -275000,
      "ebitda": -5021000,
      "ebit": -5124000,
      "nonOperatingIncomeExcludingInterest": 5471000,
      "operatingIncome": 200000,
      "totalOtherIncomeExpensesNet": -5483000,
      "incomeBeforeTax": -5033000,
      "incomeTaxExpense": 34000,
      "netIncomeFromContinuingOperations": -5033000,
      "netIncomeFromDiscontinuedOperations": 0,
      "otherAdjustmentsToNetIncome": 0,
      "netIncome": -5034000,
      "netIncomeDeductions": 0,
      "bottomLineNetIncome": -5034000,
      "eps": -4454.87,
      "epsDiluted": -4454.87,
      "weightedAverageShsOut": 1130,
      "weightedAverageShsOutDil": 1130
    },
    {
      "date": "2016-09-30",
      "symbol": "FUBO",
      "reportedCurrency": "USD",
      "cik": "0001484769",
      "filingDate": "2016-12-07",
      "acceptedDate": "2016-12-07 17:15:35",
      "fiscalYear": "2016",
      "period": "Q3",
      "revenue": 146000,
      "costOfRevenue": 76000,
      "grossProfit": 70000,
      "researchAndDevelopmentExpenses": 0,
      "generalAndAdministrativeExpenses": 1301000,
      "sellingAndMarketingExpenses": 0,
      "sellingGeneralAndAdministrativeExpenses": 1301000,
      "otherExpenses": -1000,
      "operatingExpenses": 1301000,
      "costAndExpenses": 1377000,
      "netInterestIncome": -14000,
      "interestIncome": 0,
      "interestExpense": 14000,
      "depreciationAndAmortization": 276000,
      "ebitda": -417000,
      "ebit": -693000,
      "nonOperatingIncomeExcludingInterest": -538000,
      "operatingIncome": -1231000,
      "totalOtherIncomeExpensesNet": 524000,
      "incomeBeforeTax": -707000,
      "incomeTaxExpense": 0,
      "netIncomeFromContinuingOperations": -707000,
      "netIncomeFromDiscontinuedOperations": 0,
      "otherAdjustmentsToNetIncome": 0,
      "netIncome": -705000,
      "netIncomeDeductions": 0,
      "bottomLineNetIncome": -705000,
      "eps": -567.01,
      "epsDiluted": -567.01,
      "weightedAverageShsOut": 1246,
      "weightedAverageShsOutDil": 1246
    },
    {
      "date": "2016-06-30",
      "symbol": "FUBO",
      "reportedCurrency": "USD",
      "cik": "0001484769",
      "filingDate": "2016-11-23",
      "acceptedDate": "2016-11-23 12:32:28",
      "fiscalYear": "2016",
      "period": "Q2",
      "revenue": 7000,
      "costOfRevenue": 2000,
      "grossProfit": 5000,
      "researchAndDevelopmentExpenses": 0,
      "generalAndAdministrativeExpenses": 130000,
      "sellingAndMarketingExpenses": 0,
      "sellingGeneralAndAdministrativeExpenses": 130000,
      "otherExpenses": 0,
      "operatingExpenses": 130000,
      "costAndExpenses": 132000,
      "netInterestIncome": -30000,
      "interestIncome": 0,
      "interestExpense": 30000,
      "depreciationAndAmortization": 0,
      "ebitda": -1792000,
      "ebit": -1792000,
      "nonOperatingIncomeExcludingInterest": 1668000,
      "operatingIncome": -125000,
      "totalOtherIncomeExpensesNet": -1698000,
      "incomeBeforeTax": -1823000,
      "incomeTaxExpense": 0,
      "netIncomeFromContinuingOperations": -1823000,
      "netIncomeFromDiscontinuedOperations": 0,
      "otherAdjustmentsToNetIncome": 0,
      "netIncome": -1823000,
      "netIncomeDeductions": 0,
      "bottomLineNetIncome": -1823000,
      "eps": -1687.96,
      "epsDiluted": -1687.96,
      "weightedAverageShsOut": 1080,
      "weightedAverageShsOutDil": 1080
    },
    {
      "date": "2016-03-31",
      "symbol": "FUBO",
      "reportedCurrency": "USD",
      "cik": "0001484769",
      "filingDate": "2016-11-23",
      "acceptedDate": "2016-11-23 08:04:24",
      "fiscalYear": "2016",
      "period": "Q1",
      "revenue": 22000,
      "costOfRevenue": 2000,
      "grossProfit": 20000,
      "researchAndDevelopmentExpenses": 0,
      "generalAndAdministrativeExpenses": 142000,
      "sellingAndMarketingExpenses": 0,
      "sellingGeneralAndAdministrativeExpenses": 142000,
      "otherExpenses": -1000,
      "operatingExpenses": 142000,
      "costAndExpenses": 144000,
      "netInterestIncome": -170000,
      "interestIncome": 0,
      "interestExpense": 170000,
      "depreciationAndAmortization": 1000,
      "ebitda": -2329000,
      "ebit": -2329000,
      "nonOperatingIncomeExcludingInterest": 2207000,
      "operatingIncome": -122000,
      "totalOtherIncomeExpensesNet": -2377000,
      "incomeBeforeTax": -2499000,
      "incomeTaxExpense": 0,
      "netIncomeFromContinuingOperations": -2499000,
      "netIncomeFromDiscontinuedOperations": 0,
      "otherAdjustmentsToNetIncome": 0,
      "netIncome": -2467000,
      "netIncomeDeductions": 0,
      "bottomLineNetIncome": -2467000,
      "eps": -3095.36,
      "epsDiluted": -3095.36,
      "weightedAverageShsOut": 158.990475,
      "weightedAverageShsOutDil": 158.990475
    },
    {
      "date": "2015-12-31",
      "symbol": "FUBO",
      "reportedCurrency": "USD",
      "cik": "0001484769",
      "filingDate": "2016-11-22",
      "acceptedDate": "2016-11-22 17:04:25",
      "fiscalYear": "2015",
      "period": "Q4",
      "revenue": 195612,
      "costOfRevenue": 168650,
      "grossProfit": 26000,
      "researchAndDevelopmentExpenses": 0,
      "generalAndAdministrativeExpenses": 1845000,
      "sellingAndMarketingExpenses": 0,
      "sellingGeneralAndAdministrativeExpenses": 1845000,
      "otherExpenses": 319237,
      "operatingExpenses": 2164000,
      "costAndExpenses": 2333000,
      "netInterestIncome": 395070,
      "interestIncome": 0,
      "interestExpense": 0,
      "depreciationAndAmortization": -1000,
      "ebitda": -6588000,
      "ebit": -6588000,
      "nonOperatingIncomeExcludingInterest": 4769000,
      "operatingIncome": -2138000,
      "totalOtherIncomeExpensesNet": -3844000,
      "incomeBeforeTax": -5663000,
      "incomeTaxExpense": 17494,
      "netIncomeFromContinuingOperations": -5663000,
      "netIncomeFromDiscontinuedOperations": 0,
      "otherAdjustmentsToNetIncome": 0,
      "netIncome": -5648000,
      "netIncomeDeductions": 0,
      "bottomLineNetIncome": -5649000,
      "eps": -18104.52,
      "epsDiluted": -18104.52,
      "weightedAverageShsOut": 312,
      "weightedAverageShsOutDil": 312
    },
    {
      "date": "2015-09-30",
      "symbol": "FUBO",
      "reportedCurrency": "USD",
      "cik": "0001484769",
      "filingDate": "2015-11-16",
      "acceptedDate": "2015-11-16 15:40:22",
      "fiscalYear": "2015",
      "period": "Q3",
      "revenue": 366169,
      "costOfRevenue": 286147,
      "grossProfit": 80022,
      "researchAndDevelopmentExpenses": 0,
      "generalAndAdministrativeExpenses": 147907,
      "sellingAndMarketingExpenses": 0,
      "sellingGeneralAndAdministrativeExpenses": 147907,
      "otherExpenses": 0,
      "operatingExpenses": 147907,
      "costAndExpenses": 434054,
      "netInterestIncome": -1133000,
      "interestIncome": 0,
      "interestExpense": 1133000,
      "depreciationAndAmortization": 622,
      "ebitda": 149000,
      "ebit": 149000,
      "nonOperatingIncomeExcludingInterest": -217000,
      "operatingIncome": -68000,
      "totalOtherIncomeExpensesNet": -916000,
      "incomeBeforeTax": -984000,
      "incomeTaxExpense": 4931,
      "netIncomeFromContinuingOperations": -984000,
      "netIncomeFromDiscontinuedOperations": 0,
      "otherAdjustmentsToNetIncome": 0,
      "netIncome": -989000,
      "netIncomeDeductions": 0,
      "bottomLineNetIncome": -989000,
      "eps": -4969.85,
      "epsDiluted": -4969.85,
      "weightedAverageShsOut": 199,
      "weightedAverageShsOutDil": 199
    }
  ]
}