{
  "ticker": "NKE",
  "endpoint": "income-statement",
  "fetched_at": "2025-09-05T14:21:30.314258",
  "data": [
    {
      "date": "2025-05-31",
      "symbol": "NKE",
      "reportedCurrency": "USD",
      "cik": "0000320187",
      "filingDate": "2025-07-17",
      "acceptedDate": "2025-07-17 16:25:25",
      "fiscalYear": "2025",
      "period": "Q4",
      "revenue": 11097000000,
      "costOfRevenue": 6628000000,
      "grossProfit": 4469000000,
      "researchAndDevelopmentExpenses": 0,
      "generalAndAdministrativeExpenses": 0,
      "sellingAndMarketingExpenses": 0,
      "sellingGeneralAndAdministrativeExpenses": 4148000000,
      "otherExpenses": 0,
      "operatingExpenses": 4148000000,
      "costAndExpenses": 10776000000,
      "netInterestIncome": 22000000,
      "interestIncome": 22000000,
      "interestExpense": 0,
      "depreciationAndAmortization": 0,
      "ebitda": 318000000,
      "ebit": 318000000,
      "nonOperatingIncomeExcludingInterest": 3000000,
      "operatingIncome": 321000000,
      "totalOtherIncomeExpensesNet": -3000000,
      "incomeBeforeTax": 318000000,
      "incomeTaxExpense": 107000000,
      "netIncomeFromContinuingOperations": 211000000,
      "netIncomeFromDiscontinuedOperations": 0,
      "otherAdjustmentsToNetIncome": 0,
      "netIncome": 211000000,
      "netIncomeDeductions": 0,
      "bottomLineNetIncome": 211000000,
      "eps": 0.14,
      "epsDiluted": 0.14,
      "weightedAverageShsOut": 1476700000,
      "weightedAverageShsOutDil": 1477700000
    },
    {
      "date": "2025-02-28",
      "symbol": "NKE",
      "reportedCurrency": "USD",
      "cik": "0000320187",
      "filingDate": "2025-04-03",
      "acceptedDate": "2025-04-03 16:23:02",
      "fiscalYear": "2025",
      "period": "Q3",
      "revenue": 11294000000,
      "costOfRevenue": 6661000000,
      "grossProfit": 4633000000,
      "researchAndDevelopmentExpenses": 0,
      "generalAndAdministrativeExpenses": 0,
      "sellingAndMarketingExpenses": 0,
      "sellingGeneralAndAdministrativeExpenses": 3887000000,
      "otherExpenses": 0,
      "operatingExpenses": 3887000000,
      "costAndExpenses": 10548000000,
      "netInterestIncome": 20000000,
      "interestIncome": 97000000,
      "interestExpense": 77000000,
      "depreciationAndAmortization": 198000000,
      "ebitda": 1119000000,
      "ebit": 921000000,
      "nonOperatingIncomeExcludingInterest": -175000000,
      "operatingIncome": 746000000,
      "totalOtherIncomeExpensesNet": 98000000,
      "incomeBeforeTax": 844000000,
      "incomeTaxExpense": 50000000,
      "netIncomeFromContinuingOperations": 794000000,
      "netIncomeFromDiscontinuedOperations": 0,
      "otherAdjustmentsToNetIncome": 0,
      "netIncome": 794000000,
      "netIncomeDeductions": 0,
      "bottomLineNetIncome": 794000000,
      "eps": 0.54,
      "epsDiluted": 0.54,
      "weightedAverageShsOut": 1487600000,
      "weightedAverageShsOutDil": 1491000000
    },
    {
      "date": "2024-11-30",
      "symbol": "NKE",
      "reportedCurrency": "USD",
      "cik": "0000320187",
      "filingDate": "2025-01-03",
      "acceptedDate": "2025-01-03 16:20:18",
      "fiscalYear": "2025",
      "period": "Q2",
      "revenue": 12378000000,
      "costOfRevenue": 7015000000,
      "grossProfit": 5363000000,
      "researchAndDevelopmentExpenses": 0,
      "generalAndAdministrativeExpenses": 0,
      "sellingAndMarketingExpenses": 0,
      "sellingGeneralAndAdministrativeExpenses": 4005000000,
      "otherExpenses": 0,
      "operatingExpenses": 4005000000,
      "costAndExpenses": 11020000000,
      "netInterestIncome": 26000000,
      "interestIncome": 97000000,
      "interestExpense": 71000000,
      "depreciationAndAmortization": 190000000,
      "ebitda": 1677000000,
      "ebit": 1487000000,
      "nonOperatingIncomeExcludingInterest": -129000000,
      "operatingIncome": 1358000000,
      "totalOtherIncomeExpensesNet": 58000000,
      "incomeBeforeTax": 1416000000,
      "incomeTaxExpense": 253000000,
      "netIncomeFromContinuingOperations": 1163000000,
      "netIncomeFromDiscontinuedOperations": 0,
      "otherAdjustmentsToNetIncome": 0,
      "netIncome": 1163000000,
      "netIncomeDeductions": 0,
      "bottomLineNetIncome": 1163000000,
      "eps": 0.78,
      "epsDiluted": 0.78,
      "weightedAverageShsOut": 1486800000,
      "weightedAverageShsOutDil": 1490000000
    },
    {
      "date": "2024-08-31",
      "symbol": "NKE",
      "reportedCurrency": "USD",
      "cik": "0000320187",
      "filingDate": "2024-10-07",
      "acceptedDate": "2024-10-07 16:20:15",
      "fiscalYear": "2025",
      "period": "Q1",
      "revenue": 11610000000,
      "costOfRevenue": 6402000000,
      "grossProfit": 5208000000,
      "researchAndDevelopmentExpenses": 0,
      "generalAndAdministrativeExpenses": 0,
      "sellingAndMarketingExpenses": 0,
      "sellingGeneralAndAdministrativeExpenses": 4048000000,
      "otherExpenses": 0,
      "operatingExpenses": 4048000000,
      "costAndExpenses": 10450000000,
      "netInterestIncome": 45000000,
      "interestIncome": 120000000,
      "interestExpense": 75000000,
      "depreciationAndAmortization": 188000000,
      "ebitda": 1570000000,
      "ebit": 1382000000,
      "nonOperatingIncomeExcludingInterest": -222000000,
      "operatingIncome": 1160000000,
      "totalOtherIncomeExpensesNet": 147000000,
      "incomeBeforeTax": 1307000000,
      "incomeTaxExpense": 256000000,
      "netIncomeFromContinuingOperations": 1051000000,
      "netIncomeFromDiscontinuedOperations": 0,
      "otherAdjustmentsToNetIncome": 0,
      "netIncome": 1051000000,
      "netIncomeDeductions": 0,
      "bottomLineNetIncome": 1051000000,
      "eps": 0.7,
      "epsDiluted": 0.7,
      "weightedAverageShsOut": 1497700000,
      "weightedAverageShsOutDil": 1502000000
    },
    {
      "date": "2024-05-31",
      "symbol": "NKE",
      "reportedCurrency": "USD",
      "cik": "0000320187",
      "filingDate": "2024-07-25",
      "acceptedDate": "2024-07-25 16:16:58",
      "fiscalYear": "2024",
      "period": "Q4",
      "revenue": 12623000000,
      "costOfRevenue": 7045000000,
      "grossProfit": 5578000000,
      "researchAndDevelopmentExpenses": 0,
      "generalAndAdministrativeExpenses": 0,
      "sellingAndMarketingExpenses": 0,
      "sellingGeneralAndAdministrativeExpenses": 4087000000,
      "otherExpenses": 0,
      "operatingExpenses": 4087000000,
      "costAndExpenses": 11132000000,
      "netInterestIncome": 55000000,
      "interestIncome": 126000000,
      "interestExpense": 71000000,
      "depreciationAndAmortization": 207000000,
      "ebitda": 2004000000,
      "ebit": 1797000000,
      "nonOperatingIncomeExcludingInterest": -306000000,
      "operatingIncome": 1491000000,
      "totalOtherIncomeExpensesNet": 235000000,
      "incomeBeforeTax": 1726000000,
      "incomeTaxExpense": 226000000,
      "netIncomeFromContinuingOperations": 1500000000,
      "netIncomeFromDiscontinuedOperations": 0,
      "otherAdjustmentsToNetIncome": 0,
      "netIncome": 1500000000,
      "netIncomeDeductions": 0,
      "bottomLineNetIncome": 1500000000,
      "eps": 0.99,
      "epsDiluted": 0.99,
      "weightedAverageShsOut": 1515152000,
      "weightedAverageShsOutDil": 1516700000
    },
    {
      "date": "2024-02-29",
      "symbol": "NKE",
      "reportedCurrency": "USD",
      "cik": "0000320187",
      "filingDate": "2024-04-04",
      "acceptedDate": "2024-04-04 16:16:10",
      "fiscalYear": "2024",
      "period": "Q3",
      "revenue": 12439000000,
      "costOfRevenue": 6937000000,
      "grossProfit": 5502000000,
      "researchAndDevelopmentExpenses": 0,
      "generalAndAdministrativeExpenses": 0,
      "sellingAndMarketingExpenses": 0,
      "sellingGeneralAndAdministrativeExpenses": 4225000000,
      "otherExpenses": 0,
      "operatingExpenses": 4225000000,
      "costAndExpenses": 11162000000,
      "netInterestIncome": 54000000,
      "interestIncome": 113000000,
      "interestExpense": 59000000,
      "depreciationAndAmortization": 207000000,
      "ebitda": 1670000000,
      "ebit": 1463000000,
      "nonOperatingIncomeExcludingInterest": -186000000,
      "operatingIncome": 1277000000,
      "totalOtherIncomeExpensesNet": 127000000,
      "incomeBeforeTax": 1404000000,
      "incomeTaxExpense": 232000000,
      "netIncomeFromContinuingOperations": 1172000000,
      "netIncomeFromDiscontinuedOperations": 0,
      "otherAdjustmentsToNetIncome": 0,
      "netIncome": 1172000000,
      "netIncomeDeductions": 0,
      "bottomLineNetIncome": 1172000000,
      "eps": 0.77,
      "epsDiluted": 0.77,
      "weightedAverageShsOut": 1522078000,
      "weightedAverageShsOutDil": 1526500000
    },
    {
      "date": "2023-11-30",
      "symbol": "NKE",
      "reportedCurrency": "USD",
      "cik": "0000320187",
      "filingDate": "2024-01-05",
      "acceptedDate": "2024-01-05 16:17:45",
      "fiscalYear": "2024",
      "period": "Q2",
      "revenue": 13386000000,
      "costOfRevenue": 7482000000,
      "grossProfit": 5904000000,
      "researchAndDevelopmentExpenses": 0,
      "generalAndAdministrativeExpenses": 0,
      "sellingAndMarketingExpenses": 0,
      "sellingGeneralAndAdministrativeExpenses": 4146000000,
      "otherExpenses": 0,
      "operatingExpenses": 4146000000,
      "costAndExpenses": 11628000000,
      "netInterestIncome": 24000000,
      "interestIncome": 92000000,
      "interestExpense": 68000000,
      "depreciationAndAmortization": 191000000,
      "ebitda": 2181000000,
      "ebit": 1990000000,
      "nonOperatingIncomeExcludingInterest": -232000000,
      "operatingIncome": 1758000000,
      "totalOtherIncomeExpensesNet": 164000000,
      "incomeBeforeTax": 1922000000,
      "incomeTaxExpense": 344000000,
      "netIncomeFromContinuingOperations": 1578000000,
      "netIncomeFromDiscontinuedOperations": 0,
      "otherAdjustmentsToNetIncome": 0,
      "netIncome": 1578000000,
      "netIncomeDeductions": 0,
      "bottomLineNetIncome": 1578000000,
      "eps": 1.04,
      "epsDiluted": 1.03,
      "weightedAverageShsOut": 1532039000,
      "weightedAverageShsOutDil": 1532100000
    },
    {
      "date": "2023-08-31",
      "symbol": "NKE",
      "reportedCurrency": "USD",
      "cik": "0000320187",
      "filingDate": "2023-10-06",
      "acceptedDate": "2023-10-06 16:22:11",
      "fiscalYear": "2024",
      "period": "Q1",
      "revenue": 12938000000,
      "costOfRevenue": 7305000000,
      "grossProfit": 5633000000,
      "researchAndDevelopmentExpenses": 0,
      "generalAndAdministrativeExpenses": 0,
      "sellingAndMarketingExpenses": 0,
      "sellingGeneralAndAdministrativeExpenses": 4116000000,
      "otherExpenses": 0,
      "operatingExpenses": 4116000000,
      "costAndExpenses": 11421000000,
      "netInterestIncome": 36000000,
      "interestIncome": 99000000,
      "interestExpense": 63000000,
      "depreciationAndAmortization": 191000000,
      "ebitda": 1902000000,
      "ebit": 1711000000,
      "nonOperatingIncomeExcludingInterest": -194000000,
      "operatingIncome": 1517000000,
      "totalOtherIncomeExpensesNet": 131000000,
      "incomeBeforeTax": 1648000000,
      "incomeTaxExpense": 198000000,
      "netIncomeFromContinuingOperations": 1450000000,
      "netIncomeFromDiscontinuedOperations": 0,
      "otherAdjustmentsToNetIncome": 0,
      "netIncome": 1450000000,
      "netIncomeDeductions": 0,
      "bottomLineNetIncome": 1450000000,
      "eps": 0.95,
      "epsDiluted": 0.94,
      "weightedAverageShsOut": 1542553000,
      "weightedAverageShsOutDil": 1543300000
    },
    {
      "date": "2023-05-31",
      "symbol": "NKE",
      "reportedCurrency": "USD",
      "cik": "0000320187",
      "filingDate": "2023-07-20",
      "acceptedDate": "2023-07-20 16:20:36",
      "fiscalYear": "2023",
      "period": "Q4",
      "revenue": 12808000000,
      "costOfRevenue": 7347000000,
      "grossProfit": 5461000000,
      "researchAndDevelopmentExpenses": 0,
      "generalAndAdministrativeExpenses": 0,
      "sellingAndMarketingExpenses": 0,
      "sellingGeneralAndAdministrativeExpenses": 4365000000,
      "otherExpenses": 0,
      "operatingExpenses": 4365000000,
      "costAndExpenses": 11712000000,
      "netInterestIncome": 30000000,
      "interestIncome": 101000000,
      "interestExpense": 71000000,
      "depreciationAndAmortization": 187000000,
      "ebitda": 1504000000,
      "ebit": 1317000000,
      "nonOperatingIncomeExcludingInterest": -221000000,
      "operatingIncome": 1096000000,
      "totalOtherIncomeExpensesNet": 150000000,
      "incomeBeforeTax": 1246000000,
      "incomeTaxExpense": 215000000,
      "netIncomeFromContinuingOperations": 1031000000,
      "netIncomeFromDiscontinuedOperations": 0,
      "otherAdjustmentsToNetIncome": 0,
      "netIncome": 1031000000,
      "netIncomeDeductions": 0,
      "bottomLineNetIncome": 1031000000,
      "eps": 0.67,
      "epsDiluted": 0.66,
      "weightedAverageShsOut": 1536500000,
      "weightedAverageShsOutDil": 1556300000
    },
    {
      "date": "2023-02-28",
      "symbol": "NKE",
      "reportedCurrency": "USD",
      "cik": "0000320187",
      "filingDate": "2023-04-06",
      "acceptedDate": "2023-04-06 16:18:27",
      "fiscalYear": "2023",
      "period": "Q3",
      "revenue": 12376000000,
      "costOfRevenue": 7201000000,
      "grossProfit": 5175000000,
      "researchAndDevelopmentExpenses": 0,
      "generalAndAdministrativeExpenses": 0,
      "sellingAndMarketingExpenses": 0,
      "sellingGeneralAndAdministrativeExpenses": 3960000000,
      "otherExpenses": 0,
      "operatingExpenses": 3960000000,
      "costAndExpenses": 11161000000,
      "netInterestIncome": 9000000,
      "interestIncome": 83000000,
      "interestExpense": 74000000,
      "depreciationAndAmortization": 174000000,
      "ebitda": 1725000000,
      "ebit": 1551000000,
      "nonOperatingIncomeExcludingInterest": -336000000,
      "operatingIncome": 1215000000,
      "totalOtherIncomeExpensesNet": 262000000,
      "incomeBeforeTax": 1477000000,
      "incomeTaxExpense": 237000000,
      "netIncomeFromContinuingOperations": 1240000000,
      "netIncomeFromDiscontinuedOperations": 0,
      "otherAdjustmentsToNetIncome": 0,
      "netIncome": 1240000000,
      "netIncomeDeductions": 0,
      "bottomLineNetIncome": 1240000000,
      "eps": 0.8,
      "epsDiluted": 0.79,
      "weightedAverageShsOut": 1543800000,
      "weightedAverageShsOutDil": 1564800000
    },
    {
      "date": "2022-11-30",
      "symbol": "NKE",
      "reportedCurrency": "USD",
      "cik": "0000320187",
      "filingDate": "2023-01-05",
      "acceptedDate": "2023-01-05 16:16:31",
      "fiscalYear": "2023",
      "period": "Q2",
      "revenue": 13311000000,
      "costOfRevenue": 7777000000,
      "grossProfit": 5534000000,
      "researchAndDevelopmentExpenses": 0,
      "generalAndAdministrativeExpenses": 0,
      "sellingAndMarketingExpenses": 0,
      "sellingGeneralAndAdministrativeExpenses": 4126000000,
      "otherExpenses": 0,
      "operatingExpenses": 4126000000,
      "costAndExpenses": 11903000000,
      "netInterestIncome": -14000000,
      "interestIncome": 49000000,
      "interestExpense": 63000000,
      "depreciationAndAmortization": 173000000,
      "ebitda": 1886000000,
      "ebit": 1713000000,
      "nonOperatingIncomeExcludingInterest": -305000000,
      "operatingIncome": 1408000000,
      "totalOtherIncomeExpensesNet": 242000000,
      "incomeBeforeTax": 1650000000,
      "incomeTaxExpense": 319000000,
      "netIncomeFromContinuingOperations": 1331000000,
      "netIncomeFromDiscontinuedOperations": 0,
      "otherAdjustmentsToNetIncome": 0,
      "netIncome": 1331000000,
      "netIncomeDeductions": 0,
      "bottomLineNetIncome": 1331000000,
      "eps": 0.85,
      "epsDiluted": 0.85,
      "weightedAverageShsOut": 1565882352,
      "weightedAverageShsOutDil": 1572400000
    },
    {
      "date": "2022-08-31",
      "symbol": "NKE",
      "reportedCurrency": "USD",
      "cik": "0000320187",
      "filingDate": "2022-10-06",
      "acceptedDate": "2022-10-06 16:17:47",
      "fiscalYear": "2023",
      "period": "Q1",
      "revenue": 12696000000,
      "costOfRevenue": 7181000000,
      "grossProfit": 5515000000,
      "researchAndDevelopmentExpenses": 0,
      "generalAndAdministrativeExpenses": 0,
      "sellingAndMarketingExpenses": 0,
      "sellingGeneralAndAdministrativeExpenses": 3921000000,
      "otherExpenses": 0,
      "operatingExpenses": 3921000000,
      "costAndExpenses": 11102000000,
      "netInterestIncome": -11000000,
      "interestIncome": 65000000,
      "interestExpense": 76000000,
      "depreciationAndAmortization": 169000000,
      "ebitda": 2073000000,
      "ebit": 1904000000,
      "nonOperatingIncomeExcludingInterest": -310000000,
      "operatingIncome": 1594000000,
      "totalOtherIncomeExpensesNet": 234000000,
      "incomeBeforeTax": 1828000000,
      "incomeTaxExpense": 360000000,
      "netIncomeFromContinuingOperations": 1468000000,
      "netIncomeFromDiscontinuedOperations": 0,
      "otherAdjustmentsToNetIncome": 0,
      "netIncome": 1468000000,
      "netIncomeDeductions": 0,
      "bottomLineNetIncome": 1468000000,
      "eps": 0.94,
      "epsDiluted": 0.93,
      "weightedAverageShsOut": 1567100000,
      "weightedAverageShsOutDil": 1585800000
    },
    {
      "date": "2022-05-31",
      "symbol": "NKE",
      "reportedCurrency": "USD",
      "cik": "0000320187",
      "filingDate": "2022-07-21",
      "acceptedDate": "2022-07-21 16:05:53",
      "fiscalYear": "2022",
      "period": "Q4",
      "revenue": 12253000000,
      "costOfRevenue": 6787000000,
      "grossProfit": 5466000000,
      "researchAndDevelopmentExpenses": 0,
      "generalAndAdministrativeExpenses": 0,
      "sellingAndMarketingExpenses": 0,
      "sellingGeneralAndAdministrativeExpenses": 4037000000,
      "otherExpenses": 0,
      "operatingExpenses": 4037000000,
      "costAndExpenses": 10824000000,
      "netInterestIncome": -38000000,
      "interestIncome": 37000000,
      "interestExpense": 75000000,
      "depreciationAndAmortization": 179000000,
      "ebitda": 1628000000,
      "ebit": 1449000000,
      "nonOperatingIncomeExcludingInterest": -20000000,
      "operatingIncome": 1429000000,
      "totalOtherIncomeExpensesNet": -55000000,
      "incomeBeforeTax": 1374000000,
      "incomeTaxExpense": -65000000,
      "netIncomeFromContinuingOperations": 1439000000,
      "netIncomeFromDiscontinuedOperations": 0,
      "otherAdjustmentsToNetIncome": 0,
      "netIncome": 1439000000,
      "netIncomeDeductions": 0,
      "bottomLineNetIncome": 1439000000,
      "eps": 0.92,
      "epsDiluted": 0.9,
      "weightedAverageShsOut": 1572000000,
      "weightedAverageShsOutDil": 1595000000
    },
    {
      "date": "2022-02-28",
      "symbol": "NKE",
      "reportedCurrency": "USD",
      "cik": "0000320187",
      "filingDate": "2022-04-05",
      "acceptedDate": "2022-04-05 16:17:29",
      "fiscalYear": "2022",
      "period": "Q3",
      "revenue": 10893000000,
      "costOfRevenue": 5821000000,
      "grossProfit": 5072000000,
      "researchAndDevelopmentExpenses": 0,
      "generalAndAdministrativeExpenses": 0,
      "sellingAndMarketingExpenses": 0,
      "sellingGeneralAndAdministrativeExpenses": 3438000000,
      "otherExpenses": 0,
      "operatingExpenses": 3438000000,
      "costAndExpenses": 9259000000,
      "netInterestIncome": -51000000,
      "interestIncome": 22000000,
      "interestExpense": 73000000,
      "depreciationAndAmortization": 180000000,
      "ebitda": 1923000000,
      "ebit": 1743000000,
      "nonOperatingIncomeExcludingInterest": -109000000,
      "operatingIncome": 1634000000,
      "totalOtherIncomeExpensesNet": 36000000,
      "incomeBeforeTax": 1670000000,
      "incomeTaxExpense": 274000000,
      "netIncomeFromContinuingOperations": 1396000000,
      "netIncomeFromDiscontinuedOperations": 0,
      "otherAdjustmentsToNetIncome": 0,
      "netIncome": 1396000000,
      "netIncomeDeductions": 0,
      "bottomLineNetIncome": 1396000000,
      "eps": 0.88,
      "epsDiluted": 0.87,
      "weightedAverageShsOut": 1579000000,
      "weightedAverageShsOutDil": 1610700000
    },
    {
      "date": "2021-11-30",
      "symbol": "NKE",
      "reportedCurrency": "USD",
      "cik": "0000320187",
      "filingDate": "2022-01-06",
      "acceptedDate": "2022-01-06 16:35:33",
      "fiscalYear": "2022",
      "period": "Q2",
      "revenue": 11377000000,
      "costOfRevenue": 6114000000,
      "grossProfit": 5263000000,
      "researchAndDevelopmentExpenses": 0,
      "generalAndAdministrativeExpenses": 0,
      "sellingAndMarketingExpenses": 0,
      "sellingGeneralAndAdministrativeExpenses": 3759000000,
      "otherExpenses": 0,
      "operatingExpenses": 3759000000,
      "costAndExpenses": 9873000000,
      "netInterestIncome": -54000000,
      "interestIncome": 18000000,
      "interestExpense": 72000000,
      "depreciationAndAmortization": 181000000,
      "ebitda": 1754000000,
      "ebit": 1573000000,
      "nonOperatingIncomeExcludingInterest": -69000000,
      "operatingIncome": 1504000000,
      "totalOtherIncomeExpensesNet": -3000000,
      "incomeBeforeTax": 1501000000,
      "incomeTaxExpense": 164000000,
      "netIncomeFromContinuingOperations": 1337000000,
      "netIncomeFromDiscontinuedOperations": 0,
      "otherAdjustmentsToNetIncome": 0,
      "netIncome": 1337000000,
      "netIncomeDeductions": 0,
      "bottomLineNetIncome": 1337000000,
      "eps": 0.84,
      "epsDiluted": 0.83,
      "weightedAverageShsOut": 1582400000,
      "weightedAverageShsOutDil": 1617400000
    },
    {
      "date": "2021-08-31",
      "symbol": "NKE",
      "reportedCurrency": "USD",
      "cik": "0000320187",
      "filingDate": "2021-10-05",
      "acceptedDate": "2021-10-05 16:03:18",
      "fiscalYear": "2022",
      "period": "Q1",
      "revenue": 12269000000,
      "costOfRevenue": 6486000000,
      "grossProfit": 5783000000,
      "researchAndDevelopmentExpenses": 0,
      "generalAndAdministrativeExpenses": 0,
      "sellingAndMarketingExpenses": 0,
      "sellingGeneralAndAdministrativeExpenses": 3571000000,
      "otherExpenses": 0,
      "operatingExpenses": 3571000000,
      "costAndExpenses": 10057000000,
      "netInterestIncome": -57000000,
      "interestIncome": 17000000,
      "interestExpense": 74000000,
      "depreciationAndAmortization": 177000000,
      "ebitda": 2357000000,
      "ebit": 2180000000,
      "nonOperatingIncomeExcludingInterest": 32000000,
      "operatingIncome": 2212000000,
      "totalOtherIncomeExpensesNet": -106000000,
      "incomeBeforeTax": 2106000000,
      "incomeTaxExpense": 232000000,
      "netIncomeFromContinuingOperations": 1874000000,
      "netIncomeFromDiscontinuedOperations": 0,
      "otherAdjustmentsToNetIncome": 0,
      "netIncome": 1874000000,
      "netIncomeDeductions": 0,
      "bottomLineNetIncome": 1874000000,
      "eps": 1.18,
      "epsDiluted": 1.16,
      "weightedAverageShsOut": 1581900000,
      "weightedAverageShsOutDil": 1619600000
    },
    {
      "date": "2021-05-31",
      "symbol": "NKE",
      "reportedCurrency": "USD",
      "cik": "0000320187",
      "filingDate": "2021-07-20",
      "acceptedDate": "2021-07-20 16:11:03",
      "fiscalYear": "2021",
      "period": "Q4",
      "revenue": 12355000000,
      "costOfRevenue": 6631000000,
      "grossProfit": 5724000000,
      "researchAndDevelopmentExpenses": 0,
      "generalAndAdministrativeExpenses": 0,
      "sellingAndMarketingExpenses": 0,
      "sellingGeneralAndAdministrativeExpenses": 3696000000,
      "otherExpenses": 0,
      "operatingExpenses": 3696000000,
      "costAndExpenses": 10327000000,
      "netInterestIncome": -61000000,
      "interestIncome": 13000000,
      "interestExpense": 74000000,
      "depreciationAndAmortization": 201000000,
      "ebitda": 2129000000,
      "ebit": 1928000000,
      "nonOperatingIncomeExcludingInterest": 100000000,
      "operatingIncome": 2028000000,
      "totalOtherIncomeExpensesNet": -174000000,
      "incomeBeforeTax": 1854000000,
      "incomeTaxExpense": 345000000,
      "netIncomeFromContinuingOperations": 1509000000,
      "netIncomeFromDiscontinuedOperations": 0,
      "otherAdjustmentsToNetIncome": 0,
      "netIncome": 1509000000,
      "netIncomeDeductions": 0,
      "bottomLineNetIncome": 1509000000,
      "eps": 0.96,
      "epsDiluted": 0.93,
      "weightedAverageShsOut": 1579000000,
      "weightedAverageShsOutDil": 1614900000
    },
    {
      "date": "2021-02-28",
      "symbol": "NKE",
      "reportedCurrency": "USD",
      "cik": "0000320187",
      "filingDate": "2021-04-02",
      "acceptedDate": "2021-04-02 16:07:59",
      "fiscalYear": "2021",
      "period": "Q3",
      "revenue": 10341000000,
      "costOfRevenue": 5603000000,
      "grossProfit": 4738000000,
      "researchAndDevelopmentExpenses": 0,
      "generalAndAdministrativeExpenses": 0,
      "sellingAndMarketingExpenses": 0,
      "sellingGeneralAndAdministrativeExpenses": 3040000000,
      "otherExpenses": 0,
      "operatingExpenses": 3040000000,
      "costAndExpenses": 8643000000,
      "netInterestIncome": -62000000,
      "interestIncome": 8000000,
      "interestExpense": 70000000,
      "depreciationAndAmortization": 182000000,
      "ebitda": 1888000000,
      "ebit": 1706000000,
      "nonOperatingIncomeExcludingInterest": -8000000,
      "operatingIncome": 1698000000,
      "totalOtherIncomeExpensesNet": -62000000,
      "incomeBeforeTax": 1636000000,
      "incomeTaxExpense": 187000000,
      "netIncomeFromContinuingOperations": 1449000000,
      "netIncomeFromDiscontinuedOperations": 0,
      "otherAdjustmentsToNetIncome": 0,
      "netIncome": 1449000000,
      "netIncomeDeductions": 0,
      "bottomLineNetIncome": 1449000000,
      "eps": 0.92,
      "epsDiluted": 0.9,
      "weightedAverageShsOut": 1578000000,
      "weightedAverageShsOutDil": 1616900000
    },
    {
      "date": "2020-11-30",
      "symbol": "NKE",
      "reportedCurrency": "USD",
      "cik": "0000320187",
      "filingDate": "2021-01-05",
      "acceptedDate": "2021-01-05 16:12:56",
      "fiscalYear": "2021",
      "period": "Q2",
      "revenue": 11217000000,
      "costOfRevenue": 6427000000,
      "grossProfit": 4790000000,
      "researchAndDevelopmentExpenses": 0,
      "generalAndAdministrativeExpenses": 0,
      "sellingAndMarketingExpenses": 0,
      "sellingGeneralAndAdministrativeExpenses": 3267000000,
      "otherExpenses": 0,
      "operatingExpenses": 3267000000,
      "costAndExpenses": 9694000000,
      "netInterestIncome": -69000000,
      "interestIncome": 6000000,
      "interestExpense": 75000000,
      "depreciationAndAmortization": 185000000,
      "ebitda": 1716000000,
      "ebit": 1531000000,
      "nonOperatingIncomeExcludingInterest": -8000000,
      "operatingIncome": 1523000000,
      "totalOtherIncomeExpensesNet": -67000000,
      "incomeBeforeTax": 1456000000,
      "incomeTaxExpense": 205000000,
      "netIncomeFromContinuingOperations": 1251000000,
      "netIncomeFromDiscontinuedOperations": 0,
      "otherAdjustmentsToNetIncome": 0,
      "netIncome": 1251000000,
      "netIncomeDeductions": 0,
      "bottomLineNetIncome": 1251000000,
      "eps": 0.8,
      "epsDiluted": 0.78,
      "weightedAverageShsOut": 1573000000,
      "weightedAverageShsOutDil": 1609500000
    },
    {
      "date": "2020-08-31",
      "symbol": "NKE",
      "reportedCurrency": "USD",
      "cik": "0000320187",
      "filingDate": "2020-10-08",
      "acceptedDate": "2020-10-08 16:10:03",
      "fiscalYear": "2021",
      "period": "Q1",
      "revenue": 10580000000,
      "costOfRevenue": 5967000000,
      "grossProfit": 4613000000,
      "researchAndDevelopmentExpenses": 0,
      "generalAndAdministrativeExpenses": 0,
      "sellingAndMarketingExpenses": 0,
      "sellingGeneralAndAdministrativeExpenses": 2974000000,
      "otherExpenses": 0,
      "operatingExpenses": 2974000000,
      "costAndExpenses": 8941000000,
      "netInterestIncome": -63000000,
      "interestIncome": 7000000,
      "interestExpense": 70000000,
      "depreciationAndAmortization": 176000000,
      "ebitda": 1961000000,
      "ebit": 1785000000,
      "nonOperatingIncomeExcludingInterest": -146000000,
      "operatingIncome": 1639000000,
      "totalOtherIncomeExpensesNet": 76000000,
      "incomeBeforeTax": 1715000000,
      "incomeTaxExpense": 197000000,
      "netIncomeFromContinuingOperations": 1518000000,
      "netIncomeFromDiscontinuedOperations": 0,
      "otherAdjustmentsToNetIncome": 0,
      "netIncome": 1518000000,
      "netIncomeDeductions": 0,
      "bottomLineNetIncome": 1518000000,
      "eps": 0.97,
      "epsDiluted": 0.95,
      "weightedAverageShsOut": 1561800000,
      "weightedAverageShsOutDil": 1593300000
    },
    {
      "date": "2020-05-31",
      "symbol": "NKE",
      "reportedCurrency": "USD",
      "cik": "0000320187",
      "filingDate": "2020-07-24",
      "acceptedDate": "2020-07-24 16:07:45",
      "fiscalYear": "2020",
      "period": "Q4",
      "revenue": 6318000000,
      "costOfRevenue": 4037000000,
      "grossProfit": 2281000000,
      "researchAndDevelopmentExpenses": 0,
      "generalAndAdministrativeExpenses": 0,
      "sellingAndMarketingExpenses": 0,
      "sellingGeneralAndAdministrativeExpenses": 3192000000,
      "otherExpenses": 0,
      "operatingExpenses": 3192000000,
      "costAndExpenses": 7229000000,
      "netInterestIncome": -48000000,
      "interestIncome": 11000000,
      "interestExpense": 59000000,
      "depreciationAndAmortization": 208000000,
      "ebitda": -569000000,
      "ebit": -777000000,
      "nonOperatingIncomeExcludingInterest": -134000000,
      "operatingIncome": -911000000,
      "totalOtherIncomeExpensesNet": 107000000,
      "incomeBeforeTax": -804000000,
      "incomeTaxExpense": -14000000,
      "netIncomeFromContinuingOperations": -790000000,
      "netIncomeFromDiscontinuedOperations": 0,
      "otherAdjustmentsToNetIncome": 0,
      "netIncome": -790000000,
      "netIncomeDeductions": 0,
      "bottomLineNetIncome": -790000000,
      "eps": -0.51,
      "epsDiluted": -0.51,
      "weightedAverageShsOut": 1555700000,
      "weightedAverageShsOutDil": 1555700000
    },
    {
      "date": "2020-02-29",
      "symbol": "NKE",
      "reportedCurrency": "USD",
      "cik": "0000320187",
      "filingDate": "2020-04-07",
      "acceptedDate": "2020-04-07 16:07:19",
      "fiscalYear": "2020",
      "period": "Q3",
      "revenue": 10125000000,
      "costOfRevenue": 5741000000,
      "grossProfit": 4384000000,
      "researchAndDevelopmentExpenses": 0,
      "generalAndAdministrativeExpenses": 0,
      "sellingAndMarketingExpenses": 0,
      "sellingGeneralAndAdministrativeExpenses": 3283000000,
      "otherExpenses": 0,
      "operatingExpenses": 3283000000,
      "costAndExpenses": 9024000000,
      "netInterestIncome": -10000000,
      "interestIncome": 16000000,
      "interestExpense": 26000000,
      "depreciationAndAmortization": 170000000,
      "ebitda": 1077000000,
      "ebit": 907000000,
      "nonOperatingIncomeExcludingInterest": 194000000,
      "operatingIncome": 1101000000,
      "totalOtherIncomeExpensesNet": -220000000,
      "incomeBeforeTax": 881000000,
      "incomeTaxExpense": 34000000,
      "netIncomeFromContinuingOperations": 847000000,
      "netIncomeFromDiscontinuedOperations": 0,
      "otherAdjustmentsToNetIncome": 0,
      "netIncome": 847000000,
      "netIncomeDeductions": 0,
      "bottomLineNetIncome": 847000000,
      "eps": 0.54,
      "epsDiluted": 0.53,
      "weightedAverageShsOut": 1556300000,
      "weightedAverageShsOutDil": 1591600000
    },
    {
      "date": "2019-11-30",
      "symbol": "NKE",
      "reportedCurrency": "USD",
      "cik": "0000320187",
      "filingDate": "2020-01-07",
      "acceptedDate": "2020-01-07 16:03:25",
      "fiscalYear": "2020",
      "period": "Q2",
      "revenue": 10325000000,
      "costOfRevenue": 5884000000,
      "grossProfit": 4441000000,
      "researchAndDevelopmentExpenses": 0,
      "generalAndAdministrativeExpenses": 0,
      "sellingAndMarketingExpenses": 0,
      "sellingGeneralAndAdministrativeExpenses": 3321000000,
      "otherExpenses": 0,
      "operatingExpenses": 3321000000,
      "costAndExpenses": 9205000000,
      "netInterestIncome": -11000000,
      "interestIncome": 14000000,
      "interestExpense": 25000000,
      "depreciationAndAmortization": 174000000,
      "ebitda": 1448000000,
      "ebit": 1274000000,
      "nonOperatingIncomeExcludingInterest": -154000000,
      "operatingIncome": 1120000000,
      "totalOtherIncomeExpensesNet": 129000000,
      "incomeBeforeTax": 1249000000,
      "incomeTaxExpense": 134000000,
      "netIncomeFromContinuingOperations": 1115000000,
      "netIncomeFromDiscontinuedOperations": 0,
      "otherAdjustmentsToNetIncome": 0,
      "netIncome": 1115000000,
      "netIncomeDeductions": 0,
      "bottomLineNetIncome": 1115000000,
      "eps": 0.71,
      "epsDiluted": 0.7,
      "weightedAverageShsOut": 1560600000,
      "weightedAverageShsOutDil": 1594400000
    },
    {
      "date": "2019-08-31",
      "symbol": "NKE",
      "reportedCurrency": "USD",
      "cik": "0000320187",
      "filingDate": "2019-10-04",
      "acceptedDate": "2019-10-04 16:05:38",
      "fiscalYear": "2020",
      "period": "Q1",
      "revenue": 10652000000,
      "costOfRevenue": 5864000000,
      "grossProfit": 4788000000,
      "researchAndDevelopmentExpenses": 0,
      "generalAndAdministrativeExpenses": 0,
      "sellingAndMarketingExpenses": 0,
      "sellingGeneralAndAdministrativeExpenses": 3328000000,
      "otherExpenses": 0,
      "operatingExpenses": 3328000000,
      "costAndExpenses": 9192000000,
      "netInterestIncome": -13000000,
      "interestIncome": 21000000,
      "interestExpense": 34000000,
      "depreciationAndAmortization": 169000000,
      "ebitda": 1764000000,
      "ebit": 1595000000,
      "nonOperatingIncomeExcludingInterest": -135000000,
      "operatingIncome": 1460000000,
      "totalOtherIncomeExpensesNet": 101000000,
      "incomeBeforeTax": 1561000000,
      "incomeTaxExpense": 194000000,
      "netIncomeFromContinuingOperations": 1367000000,
      "netIncomeFromDiscontinuedOperations": 0,
      "otherAdjustmentsToNetIncome": 0,
      "netIncome": 1367000000,
      "netIncomeDeductions": 0,
      "bottomLineNetIncome": 1367000000,
      "eps": 0.87,
      "epsDiluted": 0.86,
      "weightedAverageShsOut": 1562400000,
      "weightedAverageShsOutDil": 1597500000
    },
    {
      "date": "2019-05-31",
      "symbol": "NKE",
      "reportedCurrency": "USD",
      "cik": "0000320187",
      "filingDate": "2019-07-23",
      "acceptedDate": "2019-07-23 16:13:55",
      "fiscalYear": "2019",
      "period": "Q4",
      "revenue": 10198000000,
      "costOfRevenue": 5604000000,
      "grossProfit": 4594000000,
      "researchAndDevelopmentExpenses": 0,
      "generalAndAdministrativeExpenses": 0,
      "sellingAndMarketingExpenses": 0,
      "sellingGeneralAndAdministrativeExpenses": 3406000000,
      "otherExpenses": 0,
      "operatingExpenses": 3406000000,
      "costAndExpenses": 9010000000,
      "netInterestIncome": -10000000,
      "interestIncome": 22000000,
      "interestExpense": 32000000,
      "depreciationAndAmortization": 178000000,
      "ebitda": 1453000000,
      "ebit": 1275000000,
      "nonOperatingIncomeExcludingInterest": -87000000,
      "operatingIncome": 1188000000,
      "totalOtherIncomeExpensesNet": 55000000,
      "incomeBeforeTax": 1243000000,
      "incomeTaxExpense": 254000000,
      "netIncomeFromContinuingOperations": 989000000,
      "netIncomeFromDiscontinuedOperations": 0,
      "otherAdjustmentsToNetIncome": 0,
      "netIncome": 989000000,
      "netIncomeDeductions": 0,
      "bottomLineNetIncome": 989000000,
      "eps": 0.63,
      "epsDiluted": 0.62,
      "weightedAverageShsOut": 1570200000,
      "weightedAverageShsOutDil": 1607500000
    },
    {
      "date": "2019-02-28",
      "symbol": "NKE",
      "reportedCurrency": "USD",
      "cik": "0000320187",
      "filingDate": "2019-04-04",
      "acceptedDate": "2019-04-04 16:07:14",
      "fiscalYear": "2019",
      "period": "Q3",
      "revenue": 9610000000,
      "costOfRevenue": 5238000000,
      "grossProfit": 4372000000,
      "researchAndDevelopmentExpenses": 0,
      "generalAndAdministrativeExpenses": 0,
      "sellingAndMarketingExpenses": 0,
      "sellingGeneralAndAdministrativeExpenses": 3091000000,
      "otherExpenses": 0,
      "operatingExpenses": 3091000000,
      "costAndExpenses": 8329000000,
      "netInterestIncome": -10000000,
      "interestIncome": 20000000,
      "interestExpense": 30000000,
      "depreciationAndAmortization": 178000000,
      "ebitda": 1499000000,
      "ebit": 1321000000,
      "nonOperatingIncomeExcludingInterest": -40000000,
      "operatingIncome": 1281000000,
      "totalOtherIncomeExpensesNet": 10000000,
      "incomeBeforeTax": 1291000000,
      "incomeTaxExpense": 190000000,
      "netIncomeFromContinuingOperations": 1101000000,
      "netIncomeFromDiscontinuedOperations": 0,
      "otherAdjustmentsToNetIncome": 0,
      "netIncome": 1101000000,
      "netIncomeDeductions": 0,
      "bottomLineNetIncome": 1101000000,
      "eps": 0.7,
      "epsDiluted": 0.68,
      "weightedAverageShsOut": 1572800000,
      "weightedAverageShsOutDil": 1609600000
    },
    {
      "date": "2018-11-30",
      "symbol": "NKE",
      "reportedCurrency": "USD",
      "cik": "0000320187",
      "filingDate": "2019-01-08",
      "acceptedDate": "2019-01-08 16:08:39",
      "fiscalYear": "2019",
      "period": "Q2",
      "revenue": 9371000000,
      "costOfRevenue": 5259000000,
      "grossProfit": 4112000000,
      "researchAndDevelopmentExpenses": 0,
      "generalAndAdministrativeExpenses": 0,
      "sellingAndMarketingExpenses": 0,
      "sellingGeneralAndAdministrativeExpenses": 3142000000,
      "otherExpenses": 0,
      "operatingExpenses": 3142000000,
      "costAndExpenses": 8401000000,
      "netInterestIncome": -13000000,
      "interestIncome": 20000000,
      "interestExpense": 33000000,
      "depreciationAndAmortization": 171000000,
      "ebitda": 1201000000,
      "ebit": 1030000000,
      "nonOperatingIncomeExcludingInterest": -60000000,
      "operatingIncome": 970000000,
      "totalOtherIncomeExpensesNet": 27000000,
      "incomeBeforeTax": 997000000,
      "incomeTaxExpense": 150000000,
      "netIncomeFromContinuingOperations": 847000000,
      "netIncomeFromDiscontinuedOperations": 0,
      "otherAdjustmentsToNetIncome": 0,
      "netIncome": 847000000,
      "netIncomeDeductions": 0,
      "bottomLineNetIncome": 847000000,
      "eps": 0.54,
      "epsDiluted": 0.52,
      "weightedAverageShsOut": 1581400000,
      "weightedAverageShsOutDil": 1620700000
    },
    {
      "date": "2018-08-31",
      "symbol": "NKE",
      "reportedCurrency": "USD",
      "cik": "0000320187",
      "filingDate": "2018-10-05",
      "acceptedDate": "2018-10-05 16:28:22",
      "fiscalYear": "2019",
      "period": "Q1",
      "revenue": 9943000000,
      "costOfRevenue": 5595000000,
      "grossProfit": 4348000000,
      "researchAndDevelopmentExpenses": 0,
      "generalAndAdministrativeExpenses": 0,
      "sellingAndMarketingExpenses": 0,
      "sellingGeneralAndAdministrativeExpenses": 3063000000,
      "otherExpenses": 0,
      "operatingExpenses": 3063000000,
      "costAndExpenses": 8658000000,
      "netInterestIncome": -9000000,
      "interestIncome": 20000000,
      "interestExpense": 29000000,
      "depreciationAndAmortization": 178000000,
      "ebitda": 1477000000,
      "ebit": 1299000000,
      "nonOperatingIncomeExcludingInterest": -14000000,
      "operatingIncome": 1285000000,
      "totalOtherIncomeExpensesNet": -15000000,
      "incomeBeforeTax": 1270000000,
      "incomeTaxExpense": 178000000,
      "netIncomeFromContinuingOperations": 1092000000,
      "netIncomeFromDiscontinuedOperations": 0,
      "otherAdjustmentsToNetIncome": 0,
      "netIncome": 1092000000,
      "netIncomeDeductions": 0,
      "bottomLineNetIncome": 1092000000,
      "eps": 0.69,
      "epsDiluted": 0.67,
      "weightedAverageShsOut": 1594000000,
      "weightedAverageShsOutDil": 1634400000
    },
    {
      "date": "2018-05-31",
      "symbol": "NKE",
      "reportedCurrency": "USD",
      "cik": "0000320187",
      "filingDate": "2018-07-25",
      "acceptedDate": "2018-07-24 18:22:39",
      "fiscalYear": "2018",
      "period": "Q4",
      "revenue": 9779000000,
      "costOfRevenue": 5338000000,
      "grossProfit": 4441000000,
      "researchAndDevelopmentExpenses": 0,
      "generalAndAdministrativeExpenses": 0,
      "sellingAndMarketingExpenses": 0,
      "sellingGeneralAndAdministrativeExpenses": 3121000000,
      "otherExpenses": 0,
      "operatingExpenses": 3121000000,
      "costAndExpenses": 8459000000,
      "netInterestIncome": -10000000,
      "interestIncome": 34000000,
      "interestExpense": 44000000,
      "depreciationAndAmortization": 196000000,
      "ebitda": 1455000000,
      "ebit": 1259000000,
      "nonOperatingIncomeExcludingInterest": 61000000,
      "operatingIncome": 1320000000,
      "totalOtherIncomeExpensesNet": -105000000,
      "incomeBeforeTax": 1215000000,
      "incomeTaxExpense": 78000000,
      "netIncomeFromContinuingOperations": 1137000000,
      "netIncomeFromDiscontinuedOperations": 0,
      "otherAdjustmentsToNetIncome": 0,
      "netIncome": 1137000000,
      "netIncomeDeductions": 0,
      "bottomLineNetIncome": 1137000000,
      "eps": 0.71,
      "epsDiluted": 0.69,
      "weightedAverageShsOut": 1605700000,
      "weightedAverageShsOutDil": 1641200000
    },
    {
      "date": "2018-02-28",
      "symbol": "NKE",
      "reportedCurrency": "USD",
      "cik": "0000320187",
      "filingDate": "2018-04-05",
      "acceptedDate": "2018-04-05 16:10:22",
      "fiscalYear": "2018",
      "period": "Q3",
      "revenue": 8975000000,
      "costOfRevenue": 5005000000,
      "grossProfit": 3970000000,
      "researchAndDevelopmentExpenses": 0,
      "generalAndAdministrativeExpenses": 0,
      "sellingAndMarketingExpenses": 0,
      "sellingGeneralAndAdministrativeExpenses": 2767000000,
      "otherExpenses": 0,
      "operatingExpenses": 2767000000,
      "costAndExpenses": 7772000000,
      "netInterestIncome": -12000000,
      "interestIncome": 12000000,
      "interestExpense": 24000000,
      "depreciationAndAmortization": 185000000,
      "ebitda": 1368000000,
      "ebit": 1183000000,
      "nonOperatingIncomeExcludingInterest": 20000000,
      "operatingIncome": 1203000000,
      "totalOtherIncomeExpensesNet": -44000000,
      "incomeBeforeTax": 1159000000,
      "incomeTaxExpense": 2080000000,
      "netIncomeFromContinuingOperations": -921000000,
      "netIncomeFromDiscontinuedOperations": 0,
      "otherAdjustmentsToNetIncome": 0,
      "netIncome": -921000000,
      "netIncomeDeductions": 0,
      "bottomLineNetIncome": -921000000,
      "eps": -0.57,
      "epsDiluted": -0.57,
      "weightedAverageShsOut": 1615789473,
      "weightedAverageShsOutDil": 1623500000
    },
    {
      "date": "2017-11-30",
      "symbol": "NKE",
      "reportedCurrency": "USD",
      "cik": "0000320187",
      "filingDate": "2018-01-05",
      "acceptedDate": "2018-01-05 16:11:45",
      "fiscalYear": "2018",
      "period": "Q2",
      "revenue": 8541000000,
      "costOfRevenue": 4897000000,
      "grossProfit": 3644000000,
      "researchAndDevelopmentExpenses": 0,
      "generalAndAdministrativeExpenses": 0,
      "sellingAndMarketingExpenses": 0,
      "sellingGeneralAndAdministrativeExpenses": 2768000000,
      "otherExpenses": 0,
      "operatingExpenses": 2768000000,
      "costAndExpenses": 7665000000,
      "netInterestIncome": -11000000,
      "interestIncome": 13000000,
      "interestExpense": 24000000,
      "depreciationAndAmortization": 187000000,
      "ebitda": 1090000000,
      "ebit": 903000000,
      "nonOperatingIncomeExcludingInterest": -27000000,
      "operatingIncome": 876000000,
      "totalOtherIncomeExpensesNet": 3000000,
      "incomeBeforeTax": 879000000,
      "incomeTaxExpense": 112000000,
      "netIncomeFromContinuingOperations": 767000000,
      "netIncomeFromDiscontinuedOperations": 0,
      "otherAdjustmentsToNetIncome": 0,
      "netIncome": 767000000,
      "netIncomeDeductions": 0,
      "bottomLineNetIncome": 767000000,
      "eps": 0.47,
      "epsDiluted": 0.46,
      "weightedAverageShsOut": 1627000000,
      "weightedAverageShsOutDil": 1660900000
    },
    {
      "date": "2017-08-31",
      "symbol": "NKE",
      "reportedCurrency": "USD",
      "cik": "0000320187",
      "filingDate": "2017-10-06",
      "acceptedDate": "2017-10-06 16:17:00",
      "fiscalYear": "2018",
      "period": "Q1",
      "revenue": 9068000000,
      "costOfRevenue": 5063000000,
      "grossProfit": 4005000000,
      "researchAndDevelopmentExpenses": 0,
      "generalAndAdministrativeExpenses": 0,
      "sellingAndMarketingExpenses": 0,
      "sellingGeneralAndAdministrativeExpenses": 2856000000,
      "otherExpenses": 0,
      "operatingExpenses": 2856000000,
      "costAndExpenses": 7919000000,
      "netInterestIncome": -14000000,
      "interestIncome": 11000000,
      "interestExpense": 25000000,
      "depreciationAndAmortization": 179000000,
      "ebitda": 1276000000,
      "ebit": 1097000000,
      "nonOperatingIncomeExcludingInterest": 52000000,
      "operatingIncome": 1149000000,
      "totalOtherIncomeExpensesNet": -77000000,
      "incomeBeforeTax": 1072000000,
      "incomeTaxExpense": 122000000,
      "netIncomeFromContinuingOperations": 950000000,
      "netIncomeFromDiscontinuedOperations": 0,
      "otherAdjustmentsToNetIncome": 0,
      "netIncome": 950000000,
      "netIncomeDeductions": 0,
      "bottomLineNetIncome": 950000000,
      "eps": 0.58,
      "epsDiluted": 0.57,
      "weightedAverageShsOut": 1639100000,
      "weightedAverageShsOutDil": 1676900000
    },
    {
      "date": "2017-05-31",
      "symbol": "NKE",
      "reportedCurrency": "USD",
      "cik": "0000320187",
      "filingDate": "2017-07-20",
      "acceptedDate": "2017-07-20 16:18:16",
      "fiscalYear": "2017",
      "period": "Q4",
      "revenue": 8677000000,
      "costOfRevenue": 4933000000,
      "grossProfit": 3744000000,
      "researchAndDevelopmentExpenses": 0,
      "generalAndAdministrativeExpenses": 0,
      "sellingAndMarketingExpenses": 0,
      "sellingGeneralAndAdministrativeExpenses": 2665000000,
      "otherExpenses": 0,
      "operatingExpenses": 2665000000,
      "costAndExpenses": 7598000000,
      "netInterestIncome": -16000000,
      "interestIncome": 10000000,
      "interestExpense": 26000000,
      "depreciationAndAmortization": 185000000,
      "ebitda": 1379000000,
      "ebit": 1194000000,
      "nonOperatingIncomeExcludingInterest": -115000000,
      "operatingIncome": 1079000000,
      "totalOtherIncomeExpensesNet": 89000000,
      "incomeBeforeTax": 1168000000,
      "incomeTaxExpense": 160000000,
      "netIncomeFromContinuingOperations": 1008000000,
      "netIncomeFromDiscontinuedOperations": 0,
      "otherAdjustmentsToNetIncome": 0,
      "netIncome": 1008000000,
      "netIncomeDeductions": 0,
      "bottomLineNetIncome": 1008000000,
      "eps": 0.61,
      "epsDiluted": 0.6,
      "weightedAverageShsOut": 1646900000,
      "weightedAverageShsOutDil": 1678600000
    },
    {
      "date": "2017-02-28",
      "symbol": "NKE",
      "reportedCurrency": "USD",
      "cik": "0000320187",
      "filingDate": "2017-04-04",
      "acceptedDate": "2017-04-04 16:20:26",
      "fiscalYear": "2017",
      "period": "Q3",
      "revenue": 8408000000,
      "costOfRevenue": 4769000000,
      "grossProfit": 3639000000,
      "researchAndDevelopmentExpenses": 0,
      "generalAndAdministrativeExpenses": 0,
      "sellingAndMarketingExpenses": 0,
      "sellingGeneralAndAdministrativeExpenses": 2496000000,
      "otherExpenses": 0,
      "operatingExpenses": 2496000000,
      "costAndExpenses": 7265000000,
      "netInterestIncome": -17000000,
      "interestIncome": 8000000,
      "interestExpense": 25000000,
      "depreciationAndAmortization": 175000000,
      "ebitda": 1523000000,
      "ebit": 1348000000,
      "nonOperatingIncomeExcludingInterest": -205000000,
      "operatingIncome": 1143000000,
      "totalOtherIncomeExpensesNet": 180000000,
      "incomeBeforeTax": 1323000000,
      "incomeTaxExpense": 182000000,
      "netIncomeFromContinuingOperations": 1141000000,
      "netIncomeFromDiscontinuedOperations": 0,
      "otherAdjustmentsToNetIncome": 0,
      "netIncome": 1141000000,
      "netIncomeDeductions": 0,
      "bottomLineNetIncome": 1141000000,
      "eps": 0.69,
      "epsDiluted": 0.68,
      "weightedAverageShsOut": 1653100000,
      "weightedAverageShsOutDil": 1686300000
    },
    {
      "date": "2016-11-30",
      "symbol": "NKE",
      "reportedCurrency": "USD",
      "cik": "0000320187",
      "filingDate": "2017-01-05",
      "acceptedDate": "2017-01-05 16:21:57",
      "fiscalYear": "2017",
      "period": "Q2",
      "revenue": 8141000000,
      "costOfRevenue": 4633000000,
      "grossProfit": 3508000000,
      "researchAndDevelopmentExpenses": 0,
      "generalAndAdministrativeExpenses": 0,
      "sellingAndMarketingExpenses": 0,
      "sellingGeneralAndAdministrativeExpenses": 2505000000,
      "otherExpenses": 0,
      "operatingExpenses": 2505000000,
      "costAndExpenses": 7138000000,
      "netInterestIncome": -15000000,
      "interestIncome": 5000000,
      "interestExpense": 20000000,
      "depreciationAndAmortization": 173000000,
      "ebitda": 1307000000,
      "ebit": 1134000000,
      "nonOperatingIncomeExcludingInterest": -131000000,
      "operatingIncome": 1003000000,
      "totalOtherIncomeExpensesNet": 111000000,
      "incomeBeforeTax": 1114000000,
      "incomeTaxExpense": 272000000,
      "netIncomeFromContinuingOperations": 842000000,
      "netIncomeFromDiscontinuedOperations": 0,
      "otherAdjustmentsToNetIncome": 0,
      "netIncome": 842000000,
      "netIncomeDeductions": 0,
      "bottomLineNetIncome": 842000000,
      "eps": 0.51,
      "epsDiluted": 0.5,
      "weightedAverageShsOut": 1659100000,
      "weightedAverageShsOutDil": 1693200000
    },
    {
      "date": "2016-08-31",
      "symbol": "NKE",
      "reportedCurrency": "USD",
      "cik": "0000320187",
      "filingDate": "2016-10-11",
      "acceptedDate": "2016-10-11 08:46:57",
      "fiscalYear": "2017",
      "period": "Q1",
      "revenue": 9028000000,
      "costOfRevenue": 5042000000,
      "grossProfit": 3986000000,
      "researchAndDevelopmentExpenses": 0,
      "generalAndAdministrativeExpenses": 0,
      "sellingAndMarketingExpenses": 0,
      "sellingGeneralAndAdministrativeExpenses": 2897000000,
      "otherExpenses": 0,
      "operatingExpenses": 2897000000,
      "costAndExpenses": 7939000000,
      "netInterestIncome": -7000000,
      "interestIncome": 4000000,
      "interestExpense": 11000000,
      "depreciationAndAmortization": 173000000,
      "ebitda": 1465000000,
      "ebit": 1292000000,
      "nonOperatingIncomeExcludingInterest": -203000000,
      "operatingIncome": 1089000000,
      "totalOtherIncomeExpensesNet": 192000000,
      "incomeBeforeTax": 1281000000,
      "incomeTaxExpense": 32000000,
      "netIncomeFromContinuingOperations": 1249000000,
      "netIncomeFromDiscontinuedOperations": 0,
      "otherAdjustmentsToNetIncome": 0,
      "netIncome": 1249000000,
      "netIncomeDeductions": 0,
      "bottomLineNetIncome": 1249000000,
      "eps": 0.75,
      "epsDiluted": 0.73,
      "weightedAverageShsOut": 1672000000,
      "weightedAverageShsOutDil": 1708900000
    },
    {
      "date": "2016-05-31",
      "symbol": "NKE",
      "reportedCurrency": "USD",
      "cik": "0000320187",
      "filingDate": "2016-07-21",
      "acceptedDate": "2016-07-21 16:11:03",
      "fiscalYear": "2016",
      "period": "Q4",
      "revenue": 8244000000,
      "costOfRevenue": 4458000000,
      "grossProfit": 3786000000,
      "researchAndDevelopmentExpenses": 0,
      "generalAndAdministrativeExpenses": 1893000000,
      "sellingAndMarketingExpenses": 873000000,
      "sellingGeneralAndAdministrativeExpenses": 2766000000,
      "otherExpenses": 0,
      "operatingExpenses": 2766000000,
      "costAndExpenses": 7224000000,
      "netInterestIncome": -5000000,
      "interestIncome": 0,
      "interestExpense": 5000000,
      "depreciationAndAmortization": 163000000,
      "ebitda": 1183000000,
      "ebit": 1020000000,
      "nonOperatingIncomeExcludingInterest": -68000000,
      "operatingIncome": 1073000000,
      "totalOtherIncomeExpensesNet": 121000000,
      "incomeBeforeTax": 1073000000,
      "incomeTaxExpense": 227000000,
      "netIncomeFromContinuingOperations": 846000000,
      "netIncomeFromDiscontinuedOperations": 0,
      "otherAdjustmentsToNetIncome": 0,
      "netIncome": 846000000,
      "netIncomeDeductions": 0,
      "bottomLineNetIncome": 846000000,
      "eps": 0.5,
      "epsDiluted": 0.49,
      "weightedAverageShsOut": 1682400000,
      "weightedAverageShsOutDil": 1723100000
    },
    {
      "date": "2016-02-29",
      "symbol": "NKE",
      "reportedCurrency": "USD",
      "cik": "0000320187",
      "filingDate": "2016-04-05",
      "acceptedDate": "2016-04-05 16:14:43",
      "fiscalYear": "2016",
      "period": "Q3",
      "revenue": 8032000000,
      "costOfRevenue": 4343000000,
      "grossProfit": 3689000000,
      "researchAndDevelopmentExpenses": 0,
      "generalAndAdministrativeExpenses": 1762000000,
      "sellingAndMarketingExpenses": 804000000,
      "sellingGeneralAndAdministrativeExpenses": 2566000000,
      "otherExpenses": 17000000,
      "operatingExpenses": 2566000000,
      "costAndExpenses": 6909000000,
      "netInterestIncome": -5000000,
      "interestIncome": 0,
      "interestExpense": 5000000,
      "depreciationAndAmortization": 177000000,
      "ebitda": 1300000000,
      "ebit": 1123000000,
      "nonOperatingIncomeExcludingInterest": 0,
      "operatingIncome": 1135000000,
      "totalOtherIncomeExpensesNet": 12000000,
      "incomeBeforeTax": 1135000000,
      "incomeTaxExpense": 185000000,
      "netIncomeFromContinuingOperations": 950000000,
      "netIncomeFromDiscontinuedOperations": 0,
      "otherAdjustmentsToNetIncome": 0,
      "netIncome": 950000000,
      "netIncomeDeductions": 0,
      "bottomLineNetIncome": 950000000,
      "eps": 0.56,
      "epsDiluted": 0.55,
      "weightedAverageShsOut": 1693800000,
      "weightedAverageShsOutDil": 1737300000
    },
    {
      "date": "2015-11-30",
      "symbol": "NKE",
      "reportedCurrency": "USD",
      "cik": "0000320187",
      "filingDate": "2016-01-06",
      "acceptedDate": "2016-01-06 17:17:58",
      "fiscalYear": "2016",
      "period": "Q2",
      "revenue": 7686000000,
      "costOfRevenue": 4185000000,
      "grossProfit": 3501000000,
      "researchAndDevelopmentExpenses": 0,
      "generalAndAdministrativeExpenses": 1791000000,
      "sellingAndMarketingExpenses": 769000000,
      "sellingGeneralAndAdministrativeExpenses": 2560000000,
      "otherExpenses": 0,
      "operatingExpenses": 2560000000,
      "costAndExpenses": 6745000000,
      "netInterestIncome": -5000000,
      "interestIncome": 0,
      "interestExpense": 5000000,
      "depreciationAndAmortization": 157000000,
      "ebitda": 1098000000,
      "ebit": 941000000,
      "nonOperatingIncomeExcludingInterest": 0,
      "operatingIncome": 970000000,
      "totalOtherIncomeExpensesNet": 29000000,
      "incomeBeforeTax": 970000000,
      "incomeTaxExpense": 185000000,
      "netIncomeFromContinuingOperations": 785000000,
      "netIncomeFromDiscontinuedOperations": 0,
      "otherAdjustmentsToNetIncome": 0,
      "netIncome": 785000000,
      "netIncomeDeductions": 0,
      "bottomLineNetIncome": 785000000,
      "eps": 0.46,
      "epsDiluted": 0.45,
      "weightedAverageShsOut": 1706600000,
      "weightedAverageShsOutDil": 1751400000
    },
    {
      "date": "2015-08-31",
      "symbol": "NKE",
      "reportedCurrency": "USD",
      "cik": "0000320187",
      "filingDate": "2015-10-06",
      "acceptedDate": "2015-10-06 16:27:58",
      "fiscalYear": "2016",
      "period": "Q1",
      "revenue": 8414000000,
      "costOfRevenue": 4419000000,
      "grossProfit": 3995000000,
      "researchAndDevelopmentExpenses": 0,
      "generalAndAdministrativeExpenses": 1745000000,
      "sellingAndMarketingExpenses": 832000000,
      "sellingGeneralAndAdministrativeExpenses": 2577000000,
      "otherExpenses": 0,
      "operatingExpenses": 2577000000,
      "costAndExpenses": 6996000000,
      "netInterestIncome": -4000000,
      "interestIncome": 0,
      "interestExpense": 4000000,
      "depreciationAndAmortization": 165000000,
      "ebitda": 1583000000,
      "ebit": 1418000000,
      "nonOperatingIncomeExcludingInterest": 0,
      "operatingIncome": 1445000000,
      "totalOtherIncomeExpensesNet": 27000000,
      "incomeBeforeTax": 1445000000,
      "incomeTaxExpense": 266000000,
      "netIncomeFromContinuingOperations": 1179000000,
      "netIncomeFromDiscontinuedOperations": 0,
      "otherAdjustmentsToNetIncome": 0,
      "netIncome": 1179000000,
      "netIncomeDeductions": 0,
      "bottomLineNetIncome": 1179000000,
      "eps": 0.69,
      "epsDiluted": 0.67,
      "weightedAverageShsOut": 1709000000,
      "weightedAverageShsOutDil": 1754600000
    }
  ]
}