{
  "ticker": "NVDA",
  "endpoint": "income-statement",
  "fetched_at": "2025-09-05T14:21:18.365066",
  "data": [
    {
      "date": "2025-07-27",
      "symbol": "NVDA",
      "reportedCurrency": "USD",
      "cik": "0001045810",
      "filingDate": "2025-08-27",
      "acceptedDate": "2025-08-27 16:52:07",
      "fiscalYear": "2026",
      "period": "Q2",
      "revenue": 46743000000,
      "costOfRevenue": 12890000000,
      "grossProfit": 33853000000,
      "researchAndDevelopmentExpenses": 4291000000,
      "generalAndAdministrativeExpenses": 0,
      "sellingAndMarketingExpenses": 0,
      "sellingGeneralAndAdministrativeExpenses": 1122000000,
      "otherExpenses": 0,
      "operatingExpenses": 5413000000,
      "costAndExpenses": 18303000000,
      "netInterestIncome": 530000000,
      "interestIncome": 592000000,
      "interestExpense": 62000000,
      "depreciationAndAmortization": 1549000000,
      "ebitda": 28440000000,
      "ebit": 26891000000,
      "nonOperatingIncomeExcludingInterest": 1549000000,
      "operatingIncome": 28440000000,
      "totalOtherIncomeExpensesNet": 2766000000,
      "incomeBeforeTax": 31206000000,
      "incomeTaxExpense": 4784000000,
      "netIncomeFromContinuingOperations": 26422000000,
      "netIncomeFromDiscontinuedOperations": 0,
      "otherAdjustmentsToNetIncome": 0,
      "netIncome": 26422000000,
      "netIncomeDeductions": 0,
      "bottomLineNetIncome": 26422000000,
      "eps": 1.08,
      "epsDiluted": 1.08,
      "weightedAverageShsOut": 24366000000,
      "weightedAverageShsOutDil": 24532000000
    },
    {
      "date": "2025-04-27",
      "symbol": "NVDA",
      "reportedCurrency": "USD",
      "cik": "0001045810",
      "filingDate": "2025-05-28",
      "acceptedDate": "2025-05-28 16:32:57",
      "fiscalYear": "2026",
      "period": "Q1",
      "revenue": 44062000000,
      "costOfRevenue": 17394000000,
      "grossProfit": 26668000000,
      "researchAndDevelopmentExpenses": 3989000000,
      "generalAndAdministrativeExpenses": 0,
      "sellingAndMarketingExpenses": 0,
      "sellingGeneralAndAdministrativeExpenses": 1041000000,
      "otherExpenses": 0,
      "operatingExpenses": 5030000000,
      "costAndExpenses": 22424000000,
      "netInterestIncome": 452000000,
      "interestIncome": 515000000,
      "interestExpense": 63000000,
      "depreciationAndAmortization": 611000000,
      "ebitda": 22584000000,
      "ebit": 21973000000,
      "nonOperatingIncomeExcludingInterest": -335000000,
      "operatingIncome": 21638000000,
      "totalOtherIncomeExpensesNet": 272000000,
      "incomeBeforeTax": 21910000000,
      "incomeTaxExpense": 3135000000,
      "netIncomeFromContinuingOperations": 18775000000,
      "netIncomeFromDiscontinuedOperations": 0,
      "otherAdjustmentsToNetIncome": 0,
      "netIncome": 18775000000,
      "netIncomeDeductions": 0,
      "bottomLineNetIncome": 18775000000,
      "eps": 0.77,
      "epsDiluted": 0.76,
      "weightedAverageShsOut": 24441000000,
      "weightedAverageShsOutDil": 24611000000
    },
    {
      "date": "2025-01-26",
      "symbol": "NVDA",
      "reportedCurrency": "USD",
      "cik": "0001045810",
      "filingDate": "2025-02-26",
      "acceptedDate": "2025-02-26 16:48:33",
      "fiscalYear": "2025",
      "period": "Q4",
      "revenue": 39331000000,
      "costOfRevenue": 10608000000,
      "grossProfit": 28723000000,
      "researchAndDevelopmentExpenses": 3714000000,
      "generalAndAdministrativeExpenses": 0,
      "sellingAndMarketingExpenses": 0,
      "sellingGeneralAndAdministrativeExpenses": 975000000,
      "otherExpenses": 0,
      "operatingExpenses": 4689000000,
      "costAndExpenses": 15297000000,
      "netInterestIncome": 450000000,
      "interestIncome": 511000000,
      "interestExpense": 61000000,
      "depreciationAndAmortization": 543000000,
      "ebitda": 25821000000,
      "ebit": 25278000000,
      "nonOperatingIncomeExcludingInterest": -1244000000,
      "operatingIncome": 24034000000,
      "totalOtherIncomeExpensesNet": 1183000000,
      "incomeBeforeTax": 25217000000,
      "incomeTaxExpense": 3126000000,
      "netIncomeFromContinuingOperations": 22091000000,
      "netIncomeFromDiscontinuedOperations": 0,
      "otherAdjustmentsToNetIncome": 0,
      "netIncome": 22091000000,
      "netIncomeDeductions": 0,
      "bottomLineNetIncome": 22091000000,
      "eps": 0.9,
      "epsDiluted": 0.89,
      "weightedAverageShsOut": 24489000000,
      "weightedAverageShsOutDil": 24706000000
    },
    {
      "date": "2024-10-27",
      "symbol": "NVDA",
      "reportedCurrency": "USD",
      "cik": "0001045810",
      "filingDate": "2024-11-20",
      "acceptedDate": "2024-11-20 16:31:22",
      "fiscalYear": "2025",
      "period": "Q3",
      "revenue": 35082000000,
      "costOfRevenue": 8926000000,
      "grossProfit": 26156000000,
      "researchAndDevelopmentExpenses": 3390000000,
      "generalAndAdministrativeExpenses": 0,
      "sellingAndMarketingExpenses": 0,
      "sellingGeneralAndAdministrativeExpenses": 897000000,
      "otherExpenses": 0,
      "operatingExpenses": 4287000000,
      "costAndExpenses": 13213000000,
      "netInterestIncome": 411000000,
      "interestIncome": 472000000,
      "interestExpense": 61000000,
      "depreciationAndAmortization": 478000000,
      "ebitda": 22855000000,
      "ebit": 22377000000,
      "nonOperatingIncomeExcludingInterest": -508000000,
      "operatingIncome": 21869000000,
      "totalOtherIncomeExpensesNet": 447000000,
      "incomeBeforeTax": 22316000000,
      "incomeTaxExpense": 3007000000,
      "netIncomeFromContinuingOperations": 19309000000,
      "netIncomeFromDiscontinuedOperations": 0,
      "otherAdjustmentsToNetIncome": 0,
      "netIncome": 19309000000,
      "netIncomeDeductions": 0,
      "bottomLineNetIncome": 19309000000,
      "eps": 0.79,
      "epsDiluted": 0.78,
      "weightedAverageShsOut": 24533000000,
      "weightedAverageShsOutDil": 24774000000
    },
    {
      "date": "2024-07-28",
      "symbol": "NVDA",
      "reportedCurrency": "USD",
      "cik": "0001045810",
      "filingDate": "2024-08-28",
      "acceptedDate": "2024-08-28 17:05:08",
      "fiscalYear": "2025",
      "period": "Q2",
      "revenue": 30040000000,
      "costOfRevenue": 7466000000,
      "grossProfit": 22574000000,
      "researchAndDevelopmentExpenses": 3090000000,
      "generalAndAdministrativeExpenses": 0,
      "sellingAndMarketingExpenses": 0,
      "sellingGeneralAndAdministrativeExpenses": 842000000,
      "otherExpenses": 0,
      "operatingExpenses": 3932000000,
      "costAndExpenses": 11398000000,
      "netInterestIncome": 383000000,
      "interestIncome": 444000000,
      "interestExpense": 61000000,
      "depreciationAndAmortization": 433000000,
      "ebitda": 19708000000,
      "ebit": 19275000000,
      "nonOperatingIncomeExcludingInterest": -633000000,
      "operatingIncome": 18642000000,
      "totalOtherIncomeExpensesNet": 572000000,
      "incomeBeforeTax": 19214000000,
      "incomeTaxExpense": 2615000000,
      "netIncomeFromContinuingOperations": 16599000000,
      "netIncomeFromDiscontinuedOperations": 0,
      "otherAdjustmentsToNetIncome": 0,
      "netIncome": 16599000000,
      "netIncomeDeductions": 0,
      "bottomLineNetIncome": 16599000000,
      "eps": 0.68,
      "epsDiluted": 0.67,
      "weightedAverageShsOut": 24578000000,
      "weightedAverageShsOutDil": 24848000000
    },
    {
      "date": "2024-04-28",
      "symbol": "NVDA",
      "reportedCurrency": "USD",
      "cik": "0001045810",
      "filingDate": "2024-05-29",
      "acceptedDate": "2024-05-29 16:36:32",
      "fiscalYear": "2025",
      "period": "Q1",
      "revenue": 26044000000,
      "costOfRevenue": 5638000000,
      "grossProfit": 20406000000,
      "researchAndDevelopmentExpenses": 2720000000,
      "generalAndAdministrativeExpenses": 0,
      "sellingAndMarketingExpenses": 0,
      "sellingGeneralAndAdministrativeExpenses": 777000000,
      "otherExpenses": 0,
      "operatingExpenses": 3497000000,
      "costAndExpenses": 9135000000,
      "netInterestIncome": 295000000,
      "interestIncome": 359000000,
      "interestExpense": 64000000,
      "depreciationAndAmortization": 410000000,
      "ebitda": 17753000000,
      "ebit": 17343000000,
      "nonOperatingIncomeExcludingInterest": -434000000,
      "operatingIncome": 16909000000,
      "totalOtherIncomeExpensesNet": 370000000,
      "incomeBeforeTax": 17279000000,
      "incomeTaxExpense": 2398000000,
      "netIncomeFromContinuingOperations": 14881000000,
      "netIncomeFromDiscontinuedOperations": 0,
      "otherAdjustmentsToNetIncome": 0,
      "netIncome": 14881000000,
      "netIncomeDeductions": 0,
      "bottomLineNetIncome": 14881000000,
      "eps": 0.6,
      "epsDiluted": 0.6,
      "weightedAverageShsOut": 24620000000,
      "weightedAverageShsOutDil": 24890000000
    },
    {
      "date": "2024-01-28",
      "symbol": "NVDA",
      "reportedCurrency": "USD",
      "cik": "0001045810",
      "filingDate": "2024-02-21",
      "acceptedDate": "2024-02-21 16:36:57",
      "fiscalYear": "2024",
      "period": "Q4",
      "revenue": 22103000000,
      "costOfRevenue": 5312000000,
      "grossProfit": 16791000000,
      "researchAndDevelopmentExpenses": 2465000000,
      "generalAndAdministrativeExpenses": 0,
      "sellingAndMarketingExpenses": 0,
      "sellingGeneralAndAdministrativeExpenses": 712000000,
      "otherExpenses": 0,
      "operatingExpenses": 3177000000,
      "costAndExpenses": 8489000000,
      "netInterestIncome": 231000000,
      "interestIncome": 294000000,
      "interestExpense": 63000000,
      "depreciationAndAmortization": 387000000,
      "ebitda": 14556000000,
      "ebit": 14169000000,
      "nonOperatingIncomeExcludingInterest": -555000000,
      "operatingIncome": 13614000000,
      "totalOtherIncomeExpensesNet": 492000000,
      "incomeBeforeTax": 14106000000,
      "incomeTaxExpense": 1821000000,
      "netIncomeFromContinuingOperations": 12285000000,
      "netIncomeFromDiscontinuedOperations": 0,
      "otherAdjustmentsToNetIncome": 0,
      "netIncome": 12285000000,
      "netIncomeDeductions": 0,
      "bottomLineNetIncome": 12285000000,
      "eps": 0.5,
      "epsDiluted": 0.49,
      "weightedAverageShsOut": 24660000000,
      "weightedAverageShsOutDil": 24900000000
    },
    {
      "date": "2023-10-29",
      "symbol": "NVDA",
      "reportedCurrency": "USD",
      "cik": "0001045810",
      "filingDate": "2023-11-21",
      "acceptedDate": "2023-11-21 16:36:29",
      "fiscalYear": "2024",
      "period": "Q3",
      "revenue": 18120000000,
      "costOfRevenue": 4720000000,
      "grossProfit": 13400000000,
      "researchAndDevelopmentExpenses": 2294000000,
      "generalAndAdministrativeExpenses": 0,
      "sellingAndMarketingExpenses": 0,
      "sellingGeneralAndAdministrativeExpenses": 689000000,
      "otherExpenses": 0,
      "operatingExpenses": 2983000000,
      "costAndExpenses": 7703000000,
      "netInterestIncome": 171000000,
      "interestIncome": 234000000,
      "interestExpense": 63000000,
      "depreciationAndAmortization": 372000000,
      "ebitda": 10957000000,
      "ebit": 10585000000,
      "nonOperatingIncomeExcludingInterest": -168000000,
      "operatingIncome": 10417000000,
      "totalOtherIncomeExpensesNet": 105000000,
      "incomeBeforeTax": 10522000000,
      "incomeTaxExpense": 1279000000,
      "netIncomeFromContinuingOperations": 9243000000,
      "netIncomeFromDiscontinuedOperations": 0,
      "otherAdjustmentsToNetIncome": 0,
      "netIncome": 9243000000,
      "netIncomeDeductions": 0,
      "bottomLineNetIncome": 9243000000,
      "eps": 0.38,
      "epsDiluted": 0.37,
      "weightedAverageShsOut": 24680000000,
      "weightedAverageShsOutDil": 24940000000
    },
    {
      "date": "2023-07-30",
      "symbol": "NVDA",
      "reportedCurrency": "USD",
      "cik": "0001045810",
      "filingDate": "2023-08-28",
      "acceptedDate": "2023-08-25 19:36:34",
      "fiscalYear": "2024",
      "period": "Q2",
      "revenue": 13507000000,
      "costOfRevenue": 4045000000,
      "grossProfit": 9462000000,
      "researchAndDevelopmentExpenses": 2040000000,
      "generalAndAdministrativeExpenses": 0,
      "sellingAndMarketingExpenses": 0,
      "sellingGeneralAndAdministrativeExpenses": 622000000,
      "otherExpenses": 0,
      "operatingExpenses": 2662000000,
      "costAndExpenses": 6707000000,
      "netInterestIncome": 122000000,
      "interestIncome": 187000000,
      "interestExpense": 65000000,
      "depreciationAndAmortization": 365000000,
      "ebitda": 7411000000,
      "ebit": 7046000000,
      "nonOperatingIncomeExcludingInterest": -246000000,
      "operatingIncome": 6800000000,
      "totalOtherIncomeExpensesNet": 181000000,
      "incomeBeforeTax": 6981000000,
      "incomeTaxExpense": 793000000,
      "netIncomeFromContinuingOperations": 6188000000,
      "netIncomeFromDiscontinuedOperations": 0,
      "otherAdjustmentsToNetIncome": 0,
      "netIncome": 6188000000,
      "netIncomeDeductions": 0,
      "bottomLineNetIncome": 6188000000,
      "eps": 0.25,
      "epsDiluted": 0.25,
      "weightedAverageShsOut": 24730000000,
      "weightedAverageShsOutDil": 24990000000
    },
    {
      "date": "2023-04-30",
      "symbol": "NVDA",
      "reportedCurrency": "USD",
      "cik": "0001045810",
      "filingDate": "2023-05-26",
      "acceptedDate": "2023-05-26 16:17:32",
      "fiscalYear": "2024",
      "period": "Q1",
      "revenue": 7192000000,
      "costOfRevenue": 2544000000,
      "grossProfit": 4648000000,
      "researchAndDevelopmentExpenses": 1875000000,
      "generalAndAdministrativeExpenses": 0,
      "sellingAndMarketingExpenses": 0,
      "sellingGeneralAndAdministrativeExpenses": 633000000,
      "otherExpenses": 0,
      "operatingExpenses": 2508000000,
      "costAndExpenses": 5052000000,
      "netInterestIncome": 84000000,
      "interestIncome": 150000000,
      "interestExpense": 66000000,
      "depreciationAndAmortization": 384000000,
      "ebitda": 2659000000,
      "ebit": 2275000000,
      "nonOperatingIncomeExcludingInterest": -135000000,
      "operatingIncome": 2140000000,
      "totalOtherIncomeExpensesNet": 69000000,
      "incomeBeforeTax": 2209000000,
      "incomeTaxExpense": 166000000,
      "netIncomeFromContinuingOperations": 2043000000,
      "netIncomeFromDiscontinuedOperations": 0,
      "otherAdjustmentsToNetIncome": 0,
      "netIncome": 2043000000,
      "netIncomeDeductions": 0,
      "bottomLineNetIncome": 2043000000,
      "eps": 0.083,
      "epsDiluted": 0.082,
      "weightedAverageShsOut": 24700000000,
      "weightedAverageShsOutDil": 24900000000
    },
    {
      "date": "2023-01-29",
      "symbol": "NVDA",
      "reportedCurrency": "USD",
      "cik": "0001045810",
      "filingDate": "2023-02-24",
      "acceptedDate": "2023-02-24 17:23:43",
      "fiscalYear": "2023",
      "period": "Q4",
      "revenue": 6051000000,
      "costOfRevenue": 2218000000,
      "grossProfit": 3833000000,
      "researchAndDevelopmentExpenses": 1952000000,
      "generalAndAdministrativeExpenses": 0,
      "sellingAndMarketingExpenses": 0,
      "sellingGeneralAndAdministrativeExpenses": 625000000,
      "otherExpenses": 0,
      "operatingExpenses": 2577000000,
      "costAndExpenses": 4795000000,
      "netInterestIncome": 51000000,
      "interestIncome": 115000000,
      "interestExpense": 64000000,
      "depreciationAndAmortization": 426000000,
      "ebitda": 1778000000,
      "ebit": 1352000000,
      "nonOperatingIncomeExcludingInterest": -96000000,
      "operatingIncome": 1256000000,
      "totalOtherIncomeExpensesNet": 32000000,
      "incomeBeforeTax": 1288000000,
      "incomeTaxExpense": -126000000,
      "netIncomeFromContinuingOperations": 1414000000,
      "netIncomeFromDiscontinuedOperations": 0,
      "otherAdjustmentsToNetIncome": 0,
      "netIncome": 1414000000,
      "netIncomeDeductions": 0,
      "bottomLineNetIncome": 1414000000,
      "eps": 0.0574,
      "epsDiluted": 0.0571,
      "weightedAverageShsOut": 24640000000,
      "weightedAverageShsOutDil": 24770000000
    },
    {
      "date": "2022-10-30",
      "symbol": "NVDA",
      "reportedCurrency": "USD",
      "cik": "0001045810",
      "filingDate": "2022-11-18",
      "acceptedDate": "2022-11-18 16:35:31",
      "fiscalYear": "2023",
      "period": "Q3",
      "revenue": 5931000000,
      "costOfRevenue": 2754000000,
      "grossProfit": 3177000000,
      "researchAndDevelopmentExpenses": 1945000000,
      "generalAndAdministrativeExpenses": 0,
      "sellingAndMarketingExpenses": 0,
      "sellingGeneralAndAdministrativeExpenses": 631000000,
      "otherExpenses": 0,
      "operatingExpenses": 2576000000,
      "costAndExpenses": 5330000000,
      "netInterestIncome": 23000000,
      "interestIncome": 88000000,
      "interestExpense": 65000000,
      "depreciationAndAmortization": 406000000,
      "ebitda": 1084000000,
      "ebit": 678000000,
      "nonOperatingIncomeExcludingInterest": -77000000,
      "operatingIncome": 601000000,
      "totalOtherIncomeExpensesNet": 12000000,
      "incomeBeforeTax": 613000000,
      "incomeTaxExpense": -67000000,
      "netIncomeFromContinuingOperations": 680000000,
      "netIncomeFromDiscontinuedOperations": 0,
      "otherAdjustmentsToNetIncome": 0,
      "netIncome": 680000000,
      "netIncomeDeductions": 0,
      "bottomLineNetIncome": 680000000,
      "eps": 0.027,
      "epsDiluted": 0.027,
      "weightedAverageShsOut": 24830000000,
      "weightedAverageShsOutDil": 24990000000
    },
    {
      "date": "2022-07-31",
      "symbol": "NVDA",
      "reportedCurrency": "USD",
      "cik": "0001045810",
      "filingDate": "2022-08-31",
      "acceptedDate": "2022-08-31 17:01:35",
      "fiscalYear": "2023",
      "period": "Q2",
      "revenue": 6704000000,
      "costOfRevenue": 3789000000,
      "grossProfit": 2915000000,
      "researchAndDevelopmentExpenses": 1824000000,
      "generalAndAdministrativeExpenses": 0,
      "sellingAndMarketingExpenses": 0,
      "sellingGeneralAndAdministrativeExpenses": 592000000,
      "otherExpenses": 0,
      "operatingExpenses": 2416000000,
      "costAndExpenses": 6205000000,
      "netInterestIncome": -19000000,
      "interestIncome": 46000000,
      "interestExpense": 65000000,
      "depreciationAndAmortization": 378000000,
      "ebitda": 918000000,
      "ebit": 540000000,
      "nonOperatingIncomeExcludingInterest": -41000000,
      "operatingIncome": 499000000,
      "totalOtherIncomeExpensesNet": -24000000,
      "incomeBeforeTax": 475000000,
      "incomeTaxExpense": -181000000,
      "netIncomeFromContinuingOperations": 656000000,
      "netIncomeFromDiscontinuedOperations": 0,
      "otherAdjustmentsToNetIncome": 0,
      "netIncome": 656000000,
      "netIncomeDeductions": 0,
      "bottomLineNetIncome": 656000000,
      "eps": 0.026,
      "epsDiluted": 0.026,
      "weightedAverageShsOut": 24950000000,
      "weightedAverageShsOutDil": 25160000000
    },
    {
      "date": "2022-05-01",
      "symbol": "NVDA",
      "reportedCurrency": "USD",
      "cik": "0001045810",
      "filingDate": "2022-05-27",
      "acceptedDate": "2022-05-27 16:21:55",
      "fiscalYear": "2023",
      "period": "Q1",
      "revenue": 8288000000,
      "costOfRevenue": 2857000000,
      "grossProfit": 5431000000,
      "researchAndDevelopmentExpenses": 1618000000,
      "generalAndAdministrativeExpenses": 0,
      "sellingAndMarketingExpenses": 0,
      "sellingGeneralAndAdministrativeExpenses": 592000000,
      "otherExpenses": 1353000000,
      "operatingExpenses": 3563000000,
      "costAndExpenses": 6420000000,
      "netInterestIncome": -50000000,
      "interestIncome": 18000000,
      "interestExpense": 68000000,
      "depreciationAndAmortization": 334000000,
      "ebitda": 2207000000,
      "ebit": 1873000000,
      "nonOperatingIncomeExcludingInterest": -5000000,
      "operatingIncome": 1868000000,
      "totalOtherIncomeExpensesNet": -63000000,
      "incomeBeforeTax": 1805000000,
      "incomeTaxExpense": 187000000,
      "netIncomeFromContinuingOperations": 1618000000,
      "netIncomeFromDiscontinuedOperations": 0,
      "otherAdjustmentsToNetIncome": 0,
      "netIncome": 1618000000,
      "netIncomeDeductions": 0,
      "bottomLineNetIncome": 1618000000,
      "eps": 0.065,
      "epsDiluted": 0.064,
      "weightedAverageShsOut": 25060000000,
      "weightedAverageShsOutDil": 25370000000
    },
    {
      "date": "2022-01-30",
      "symbol": "NVDA",
      "reportedCurrency": "USD",
      "cik": "0001045810",
      "filingDate": "2022-03-18",
      "acceptedDate": "2022-03-17 20:33:34",
      "fiscalYear": "2022",
      "period": "Q4",
      "revenue": 7643000000,
      "costOfRevenue": 2644000000,
      "grossProfit": 4999000000,
      "researchAndDevelopmentExpenses": 1466000000,
      "generalAndAdministrativeExpenses": 0,
      "sellingAndMarketingExpenses": 0,
      "sellingGeneralAndAdministrativeExpenses": 563000000,
      "otherExpenses": 0,
      "operatingExpenses": 2029000000,
      "costAndExpenses": 4673000000,
      "netInterestIncome": -52000000,
      "interestIncome": 9000000,
      "interestExpense": 61000000,
      "depreciationAndAmortization": 309000000,
      "ebitda": 3235000000,
      "ebit": 2926000000,
      "nonOperatingIncomeExcludingInterest": 44000000,
      "operatingIncome": 2970000000,
      "totalOtherIncomeExpensesNet": -105000000,
      "incomeBeforeTax": 2865000000,
      "incomeTaxExpense": -138000000,
      "netIncomeFromContinuingOperations": 3003000000,
      "netIncomeFromDiscontinuedOperations": 0,
      "otherAdjustmentsToNetIncome": 0,
      "netIncome": 3003000000,
      "netIncomeDeductions": 0,
      "bottomLineNetIncome": 3003000000,
      "eps": 0.12,
      "epsDiluted": 0.12,
      "weightedAverageShsOut": 25040000000,
      "weightedAverageShsOutDil": 25450000000
    },
    {
      "date": "2021-10-31",
      "symbol": "NVDA",
      "reportedCurrency": "USD",
      "cik": "0001045810",
      "filingDate": "2021-11-22",
      "acceptedDate": "2021-11-19 21:16:20",
      "fiscalYear": "2022",
      "period": "Q3",
      "revenue": 7103000000,
      "costOfRevenue": 2472000000,
      "grossProfit": 4631000000,
      "researchAndDevelopmentExpenses": 1403000000,
      "generalAndAdministrativeExpenses": 0,
      "sellingAndMarketingExpenses": 0,
      "sellingGeneralAndAdministrativeExpenses": 557000000,
      "otherExpenses": 0,
      "operatingExpenses": 1960000000,
      "costAndExpenses": 4432000000,
      "netInterestIncome": -55000000,
      "interestIncome": 7000000,
      "interestExpense": 62000000,
      "depreciationAndAmortization": 298000000,
      "ebitda": 2998000000,
      "ebit": 2700000000,
      "nonOperatingIncomeExcludingInterest": -29000000,
      "operatingIncome": 2671000000,
      "totalOtherIncomeExpensesNet": -33000000,
      "incomeBeforeTax": 2638000000,
      "incomeTaxExpense": 174000000,
      "netIncomeFromContinuingOperations": 2464000000,
      "netIncomeFromDiscontinuedOperations": 0,
      "otherAdjustmentsToNetIncome": 0,
      "netIncome": 2464000000,
      "netIncomeDeductions": 0,
      "bottomLineNetIncome": 2464000000,
      "eps": 0.099,
      "epsDiluted": 0.097,
      "weightedAverageShsOut": 24990000000,
      "weightedAverageShsOutDil": 25380000000
    },
    {
      "date": "2021-08-01",
      "symbol": "NVDA",
      "reportedCurrency": "USD",
      "cik": "0001045810",
      "filingDate": "2021-08-20",
      "acceptedDate": "2021-08-20 16:32:40",
      "fiscalYear": "2022",
      "period": "Q2",
      "revenue": 6507000000,
      "costOfRevenue": 2292000000,
      "grossProfit": 4215000000,
      "researchAndDevelopmentExpenses": 1245000000,
      "generalAndAdministrativeExpenses": 0,
      "sellingAndMarketingExpenses": 0,
      "sellingGeneralAndAdministrativeExpenses": 526000000,
      "otherExpenses": 0,
      "operatingExpenses": 1771000000,
      "costAndExpenses": 4063000000,
      "netInterestIncome": -54000000,
      "interestIncome": 6000000,
      "interestExpense": 60000000,
      "depreciationAndAmortization": 286000000,
      "ebitda": 2740000000,
      "ebit": 2454000000,
      "nonOperatingIncomeExcludingInterest": -10000000,
      "operatingIncome": 2444000000,
      "totalOtherIncomeExpensesNet": -50000000,
      "incomeBeforeTax": 2394000000,
      "incomeTaxExpense": 20000000,
      "netIncomeFromContinuingOperations": 2374000000,
      "netIncomeFromDiscontinuedOperations": 0,
      "otherAdjustmentsToNetIncome": 0,
      "netIncome": 2374000000,
      "netIncomeDeductions": 0,
      "bottomLineNetIncome": 2374000000,
      "eps": 0.095,
      "epsDiluted": 0.094,
      "weightedAverageShsOut": 24930000000,
      "weightedAverageShsOutDil": 25320000000
    },
    {
      "date": "2021-05-02",
      "symbol": "NVDA",
      "reportedCurrency": "USD",
      "cik": "0001045810",
      "filingDate": "2021-05-26",
      "acceptedDate": "2021-05-26 16:35:56",
      "fiscalYear": "2022",
      "period": "Q1",
      "revenue": 5661000000,
      "costOfRevenue": 2032000000,
      "grossProfit": 3629000000,
      "researchAndDevelopmentExpenses": 1153000000,
      "generalAndAdministrativeExpenses": 0,
      "sellingAndMarketingExpenses": 0,
      "sellingGeneralAndAdministrativeExpenses": 520000000,
      "otherExpenses": 0,
      "operatingExpenses": 1673000000,
      "costAndExpenses": 3705000000,
      "netInterestIncome": -47000000,
      "interestIncome": 6000000,
      "interestExpense": 53000000,
      "depreciationAndAmortization": 281000000,
      "ebitda": 2378000000,
      "ebit": 2097000000,
      "nonOperatingIncomeExcludingInterest": -141000000,
      "operatingIncome": 1956000000,
      "totalOtherIncomeExpensesNet": 88000000,
      "incomeBeforeTax": 2044000000,
      "incomeTaxExpense": 132000000,
      "netIncomeFromContinuingOperations": 1912000000,
      "netIncomeFromDiscontinuedOperations": 0,
      "otherAdjustmentsToNetIncome": 0,
      "netIncome": 1912000000,
      "netIncomeDeductions": 0,
      "bottomLineNetIncome": 1912000000,
      "eps": 0.077,
      "epsDiluted": 0.076,
      "weightedAverageShsOut": 24840000000,
      "weightedAverageShsOutDil": 25280000000
    },
    {
      "date": "2021-01-31",
      "symbol": "NVDA",
      "reportedCurrency": "USD",
      "cik": "0001045810",
      "filingDate": "2021-02-26",
      "acceptedDate": "2021-02-26 17:03:14",
      "fiscalYear": "2021",
      "period": "Q4",
      "revenue": 5003000000,
      "costOfRevenue": 1847000000,
      "grossProfit": 3156000000,
      "researchAndDevelopmentExpenses": 1146000000,
      "generalAndAdministrativeExpenses": 0,
      "sellingAndMarketingExpenses": 0,
      "sellingGeneralAndAdministrativeExpenses": 503000000,
      "otherExpenses": 0,
      "operatingExpenses": 1649000000,
      "costAndExpenses": 3496000000,
      "netInterestIncome": -46000000,
      "interestIncome": 7000000,
      "interestExpense": 53000000,
      "depreciationAndAmortization": 288000000,
      "ebitda": 1811000000,
      "ebit": 1523000000,
      "nonOperatingIncomeExcludingInterest": -16000000,
      "operatingIncome": 1507000000,
      "totalOtherIncomeExpensesNet": -37000000,
      "incomeBeforeTax": 1470000000,
      "incomeTaxExpense": 13000000,
      "netIncomeFromContinuingOperations": 1457000000,
      "netIncomeFromDiscontinuedOperations": 0,
      "otherAdjustmentsToNetIncome": 0,
      "netIncome": 1457000000,
      "netIncomeDeductions": 0,
      "bottomLineNetIncome": 1457000000,
      "eps": 0.059,
      "epsDiluted": 0.058,
      "weightedAverageShsOut": 24760000000,
      "weightedAverageShsOutDil": 25240000000
    },
    {
      "date": "2020-10-25",
      "symbol": "NVDA",
      "reportedCurrency": "USD",
      "cik": "0001045810",
      "filingDate": "2020-11-18",
      "acceptedDate": "2020-11-18 16:35:57",
      "fiscalYear": "2021",
      "period": "Q3",
      "revenue": 4726000000,
      "costOfRevenue": 1766000000,
      "grossProfit": 2960000000,
      "researchAndDevelopmentExpenses": 1047000000,
      "generalAndAdministrativeExpenses": 0,
      "sellingAndMarketingExpenses": 0,
      "sellingGeneralAndAdministrativeExpenses": 515000000,
      "otherExpenses": 0,
      "operatingExpenses": 1562000000,
      "costAndExpenses": 3328000000,
      "netInterestIncome": -46000000,
      "interestIncome": 7000000,
      "interestExpense": 53000000,
      "depreciationAndAmortization": 299000000,
      "ebitda": 1700000000,
      "ebit": 1401000000,
      "nonOperatingIncomeExcludingInterest": -3000000,
      "operatingIncome": 1398000000,
      "totalOtherIncomeExpensesNet": -50000000,
      "incomeBeforeTax": 1348000000,
      "incomeTaxExpense": 12000000,
      "netIncomeFromContinuingOperations": 1336000000,
      "netIncomeFromDiscontinuedOperations": 0,
      "otherAdjustmentsToNetIncome": 0,
      "netIncome": 1336000000,
      "netIncomeDeductions": 0,
      "bottomLineNetIncome": 1336000000,
      "eps": 0.054,
      "epsDiluted": 0.053,
      "weightedAverageShsOut": 24720000000,
      "weightedAverageShsOutDil": 25200000000
    },
    {
      "date": "2020-07-26",
      "symbol": "NVDA",
      "reportedCurrency": "USD",
      "cik": "0001045810",
      "filingDate": "2020-08-19",
      "acceptedDate": "2020-08-19 16:36:51",
      "fiscalYear": "2021",
      "period": "Q2",
      "revenue": 3866000000,
      "costOfRevenue": 1591000000,
      "grossProfit": 2275000000,
      "researchAndDevelopmentExpenses": 997000000,
      "generalAndAdministrativeExpenses": 0,
      "sellingAndMarketingExpenses": 0,
      "sellingGeneralAndAdministrativeExpenses": 627000000,
      "otherExpenses": 0,
      "operatingExpenses": 1624000000,
      "costAndExpenses": 3215000000,
      "netInterestIncome": -41000000,
      "interestIncome": 13000000,
      "interestExpense": 54000000,
      "depreciationAndAmortization": 404000000,
      "ebitda": 1067000000,
      "ebit": 663000000,
      "nonOperatingIncomeExcludingInterest": -12000000,
      "operatingIncome": 651000000,
      "totalOtherIncomeExpensesNet": -42000000,
      "incomeBeforeTax": 609000000,
      "incomeTaxExpense": -13000000,
      "netIncomeFromContinuingOperations": 622000000,
      "netIncomeFromDiscontinuedOperations": 0,
      "otherAdjustmentsToNetIncome": 0,
      "netIncome": 622000000,
      "netIncomeDeductions": 0,
      "bottomLineNetIncome": 622000000,
      "eps": 0.025,
      "epsDiluted": 0.025,
      "weightedAverageShsOut": 24640000000,
      "weightedAverageShsOutDil": 25040000000
    },
    {
      "date": "2020-04-26",
      "symbol": "NVDA",
      "reportedCurrency": "USD",
      "cik": "0001045810",
      "filingDate": "2020-05-21",
      "acceptedDate": "2020-05-21 16:32:58",
      "fiscalYear": "2021",
      "period": "Q1",
      "revenue": 3080000000,
      "costOfRevenue": 1076000000,
      "grossProfit": 2004000000,
      "researchAndDevelopmentExpenses": 735000000,
      "generalAndAdministrativeExpenses": 0,
      "sellingAndMarketingExpenses": 0,
      "sellingGeneralAndAdministrativeExpenses": 293000000,
      "otherExpenses": 0,
      "operatingExpenses": 1028000000,
      "costAndExpenses": 2104000000,
      "netInterestIncome": 6000000,
      "interestIncome": 31000000,
      "interestExpense": 25000000,
      "depreciationAndAmortization": 107000000,
      "ebitda": 1113000000,
      "ebit": 1006000000,
      "nonOperatingIncomeExcludingInterest": -30000000,
      "operatingIncome": 976000000,
      "totalOtherIncomeExpensesNet": 5000000,
      "incomeBeforeTax": 981000000,
      "incomeTaxExpense": 64000000,
      "netIncomeFromContinuingOperations": 917000000,
      "netIncomeFromDiscontinuedOperations": 0,
      "otherAdjustmentsToNetIncome": 0,
      "netIncome": 917000000,
      "netIncomeDeductions": 0,
      "bottomLineNetIncome": 917000000,
      "eps": 0.037,
      "epsDiluted": 0.037,
      "weightedAverageShsOut": 24560000000,
      "weightedAverageShsOutDil": 24880000000
    },
    {
      "date": "2020-01-26",
      "symbol": "NVDA",
      "reportedCurrency": "USD",
      "cik": "0001045810",
      "filingDate": "2020-02-20",
      "acceptedDate": "2020-02-20 16:38:18",
      "fiscalYear": "2020",
      "period": "Q4",
      "revenue": 3105000000,
      "costOfRevenue": 1090000000,
      "grossProfit": 2015000000,
      "researchAndDevelopmentExpenses": 738000000,
      "generalAndAdministrativeExpenses": 0,
      "sellingAndMarketingExpenses": 0,
      "sellingGeneralAndAdministrativeExpenses": 287000000,
      "otherExpenses": 0,
      "operatingExpenses": 1025000000,
      "costAndExpenses": 2115000000,
      "netInterestIncome": 28000000,
      "interestIncome": 41000000,
      "interestExpense": 13000000,
      "depreciationAndAmortization": 106000000,
      "ebitda": 1135000000,
      "ebit": 1029000000,
      "nonOperatingIncomeExcludingInterest": -39000000,
      "operatingIncome": 990000000,
      "totalOtherIncomeExpensesNet": 26000000,
      "incomeBeforeTax": 1016000000,
      "incomeTaxExpense": 65000000,
      "netIncomeFromContinuingOperations": 951000000,
      "netIncomeFromDiscontinuedOperations": 0,
      "otherAdjustmentsToNetIncome": 0,
      "netIncome": 951000000,
      "netIncomeDeductions": 0,
      "bottomLineNetIncome": 951000000,
      "eps": 0.039,
      "epsDiluted": 0.038,
      "weightedAverageShsOut": 24480000000,
      "weightedAverageShsOutDil": 24840000000
    },
    {
      "date": "2019-10-27",
      "symbol": "NVDA",
      "reportedCurrency": "USD",
      "cik": "0001045810",
      "filingDate": "2019-11-14",
      "acceptedDate": "2019-11-14 16:36:33",
      "fiscalYear": "2020",
      "period": "Q3",
      "revenue": 3014000000,
      "costOfRevenue": 1098000000,
      "grossProfit": 1916000000,
      "researchAndDevelopmentExpenses": 712000000,
      "generalAndAdministrativeExpenses": 0,
      "sellingAndMarketingExpenses": 0,
      "sellingGeneralAndAdministrativeExpenses": 277000000,
      "otherExpenses": 0,
      "operatingExpenses": 989000000,
      "costAndExpenses": 2087000000,
      "netInterestIncome": 32000000,
      "interestIncome": 45000000,
      "interestExpense": 13000000,
      "depreciationAndAmortization": 92000000,
      "ebitda": 1064000000,
      "ebit": 972000000,
      "nonOperatingIncomeExcludingInterest": -45000000,
      "operatingIncome": 927000000,
      "totalOtherIncomeExpensesNet": 32000000,
      "incomeBeforeTax": 959000000,
      "incomeTaxExpense": 60000000,
      "netIncomeFromContinuingOperations": 899000000,
      "netIncomeFromDiscontinuedOperations": 0,
      "otherAdjustmentsToNetIncome": 0,
      "netIncome": 899000000,
      "netIncomeDeductions": 0,
      "bottomLineNetIncome": 899000000,
      "eps": 0.037,
      "epsDiluted": 0.036,
      "weightedAverageShsOut": 24400000000,
      "weightedAverageShsOutDil": 24720000000
    },
    {
      "date": "2019-07-28",
      "symbol": "NVDA",
      "reportedCurrency": "USD",
      "cik": "0001045810",
      "filingDate": "2019-08-15",
      "acceptedDate": "2019-08-15 17:20:59",
      "fiscalYear": "2020",
      "period": "Q2",
      "revenue": 2579000000,
      "costOfRevenue": 1038000000,
      "grossProfit": 1541000000,
      "researchAndDevelopmentExpenses": 704000000,
      "generalAndAdministrativeExpenses": 0,
      "sellingAndMarketingExpenses": 0,
      "sellingGeneralAndAdministrativeExpenses": 266000000,
      "otherExpenses": 0,
      "operatingExpenses": 970000000,
      "costAndExpenses": 2008000000,
      "netInterestIncome": 34000000,
      "interestIncome": 47000000,
      "interestExpense": 13000000,
      "depreciationAndAmortization": 92000000,
      "ebitda": 711000000,
      "ebit": 619000000,
      "nonOperatingIncomeExcludingInterest": -48000000,
      "operatingIncome": 571000000,
      "totalOtherIncomeExpensesNet": 35000000,
      "incomeBeforeTax": 606000000,
      "incomeTaxExpense": 54000000,
      "netIncomeFromContinuingOperations": 552000000,
      "netIncomeFromDiscontinuedOperations": 0,
      "otherAdjustmentsToNetIncome": 0,
      "netIncome": 552000000,
      "netIncomeDeductions": 0,
      "bottomLineNetIncome": 552000000,
      "eps": 0.023,
      "epsDiluted": 0.023,
      "weightedAverageShsOut": 24360000000,
      "weightedAverageShsOutDil": 24640000000
    },
    {
      "date": "2019-04-28",
      "symbol": "NVDA",
      "reportedCurrency": "USD",
      "cik": "0001045810",
      "filingDate": "2019-05-16",
      "acceptedDate": "2019-05-16 16:36:34",
      "fiscalYear": "2020",
      "period": "Q1",
      "revenue": 2220000000,
      "costOfRevenue": 924000000,
      "grossProfit": 1296000000,
      "researchAndDevelopmentExpenses": 674000000,
      "generalAndAdministrativeExpenses": 0,
      "sellingAndMarketingExpenses": 0,
      "sellingGeneralAndAdministrativeExpenses": 264000000,
      "otherExpenses": 0,
      "operatingExpenses": 938000000,
      "costAndExpenses": 1862000000,
      "netInterestIncome": 31000000,
      "interestIncome": 44000000,
      "interestExpense": 13000000,
      "depreciationAndAmortization": 91000000,
      "ebitda": 493000000,
      "ebit": 402000000,
      "nonOperatingIncomeExcludingInterest": -44000000,
      "operatingIncome": 358000000,
      "totalOtherIncomeExpensesNet": 31000000,
      "incomeBeforeTax": 389000000,
      "incomeTaxExpense": -5000000,
      "netIncomeFromContinuingOperations": 394000000,
      "netIncomeFromDiscontinuedOperations": 0,
      "otherAdjustmentsToNetIncome": 0,
      "netIncome": 394000000,
      "netIncomeDeductions": 0,
      "bottomLineNetIncome": 394000000,
      "eps": 0.016,
      "epsDiluted": 0.016,
      "weightedAverageShsOut": 24280000000,
      "weightedAverageShsOutDil": 24640000000
    },
    {
      "date": "2019-01-27",
      "symbol": "NVDA",
      "reportedCurrency": "USD",
      "cik": "0001045810",
      "filingDate": "2019-02-21",
      "acceptedDate": "2019-02-21 16:37:18",
      "fiscalYear": "2019",
      "period": "Q4",
      "revenue": 2205000000,
      "costOfRevenue": 998000000,
      "grossProfit": 1207000000,
      "researchAndDevelopmentExpenses": 647000000,
      "generalAndAdministrativeExpenses": 0,
      "sellingAndMarketingExpenses": 0,
      "sellingGeneralAndAdministrativeExpenses": 266000000,
      "otherExpenses": 0,
      "operatingExpenses": 913000000,
      "costAndExpenses": 1911000000,
      "netInterestIncome": 28000000,
      "interestIncome": 42000000,
      "interestExpense": 14000000,
      "depreciationAndAmortization": 78000000,
      "ebitda": 416000000,
      "ebit": 338000000,
      "nonOperatingIncomeExcludingInterest": -44000000,
      "operatingIncome": 294000000,
      "totalOtherIncomeExpensesNet": 30000000,
      "incomeBeforeTax": 324000000,
      "incomeTaxExpense": -242000000,
      "netIncomeFromContinuingOperations": 566000000,
      "netIncomeFromDiscontinuedOperations": 0,
      "otherAdjustmentsToNetIncome": 0,
      "netIncome": 566000000,
      "netIncomeDeductions": 0,
      "bottomLineNetIncome": 566000000,
      "eps": 0.023,
      "epsDiluted": 0.023,
      "weightedAverageShsOut": 24360000000,
      "weightedAverageShsOutDil": 24760000000
    },
    {
      "date": "2018-10-28",
      "symbol": "NVDA",
      "reportedCurrency": "USD",
      "cik": "0001045810",
      "filingDate": "2018-11-15",
      "acceptedDate": "2018-11-15 16:32:23",
      "fiscalYear": "2019",
      "period": "Q3",
      "revenue": 3181000000,
      "costOfRevenue": 1260000000,
      "grossProfit": 1921000000,
      "researchAndDevelopmentExpenses": 605000000,
      "generalAndAdministrativeExpenses": 0,
      "sellingAndMarketingExpenses": 0,
      "sellingGeneralAndAdministrativeExpenses": 258000000,
      "otherExpenses": 0,
      "operatingExpenses": 863000000,
      "costAndExpenses": 2123000000,
      "netInterestIncome": 22000000,
      "interestIncome": 37000000,
      "interestExpense": 15000000,
      "depreciationAndAmortization": 68000000,
      "ebitda": 1164000000,
      "ebit": 1096000000,
      "nonOperatingIncomeExcludingInterest": -38000000,
      "operatingIncome": 1058000000,
      "totalOtherIncomeExpensesNet": 23000000,
      "incomeBeforeTax": 1081000000,
      "incomeTaxExpense": -149000000,
      "netIncomeFromContinuingOperations": 1230000000,
      "netIncomeFromDiscontinuedOperations": 0,
      "otherAdjustmentsToNetIncome": 0,
      "netIncome": 1230000000,
      "netIncomeDeductions": 0,
      "bottomLineNetIncome": 1230000000,
      "eps": 0.051,
      "epsDiluted": 0.049,
      "weightedAverageShsOut": 24360000000,
      "weightedAverageShsOutDil": 25000000000
    },
    {
      "date": "2018-07-29",
      "symbol": "NVDA",
      "reportedCurrency": "USD",
      "cik": "0001045810",
      "filingDate": "2018-08-16",
      "acceptedDate": "2018-08-16 16:31:19",
      "fiscalYear": "2019",
      "period": "Q2",
      "revenue": 3123000000,
      "costOfRevenue": 1148000000,
      "grossProfit": 1975000000,
      "researchAndDevelopmentExpenses": 581000000,
      "generalAndAdministrativeExpenses": 0,
      "sellingAndMarketingExpenses": 0,
      "sellingGeneralAndAdministrativeExpenses": 237000000,
      "otherExpenses": 0,
      "operatingExpenses": 818000000,
      "costAndExpenses": 1966000000,
      "netInterestIncome": 18000000,
      "interestIncome": 32000000,
      "interestExpense": 14000000,
      "depreciationAndAmortization": 59000000,
      "ebitda": 1253000000,
      "ebit": 1194000000,
      "nonOperatingIncomeExcludingInterest": -37000000,
      "operatingIncome": 1157000000,
      "totalOtherIncomeExpensesNet": 23000000,
      "incomeBeforeTax": 1180000000,
      "incomeTaxExpense": 79000000,
      "netIncomeFromContinuingOperations": 1101000000,
      "netIncomeFromDiscontinuedOperations": 0,
      "otherAdjustmentsToNetIncome": 0,
      "netIncome": 1101000000,
      "netIncomeDeductions": 0,
      "bottomLineNetIncome": 1101000000,
      "eps": 0.045,
      "epsDiluted": 0.044,
      "weightedAverageShsOut": 24280000000,
      "weightedAverageShsOutDil": 25040000000
    },
    {
      "date": "2018-04-29",
      "symbol": "NVDA",
      "reportedCurrency": "USD",
      "cik": "0001045810",
      "filingDate": "2018-05-22",
      "acceptedDate": "2018-05-22 16:35:51",
      "fiscalYear": "2019",
      "period": "Q1",
      "revenue": 3207000000,
      "costOfRevenue": 1139000000,
      "grossProfit": 2068000000,
      "researchAndDevelopmentExpenses": 542000000,
      "generalAndAdministrativeExpenses": 0,
      "sellingAndMarketingExpenses": 0,
      "sellingGeneralAndAdministrativeExpenses": 231000000,
      "otherExpenses": 0,
      "operatingExpenses": 773000000,
      "costAndExpenses": 1912000000,
      "netInterestIncome": 10000000,
      "interestIncome": 25000000,
      "interestExpense": 15000000,
      "depreciationAndAmortization": 57000000,
      "ebitda": 1383000000,
      "ebit": 1326000000,
      "nonOperatingIncomeExcludingInterest": -31000000,
      "operatingIncome": 1295000000,
      "totalOtherIncomeExpensesNet": 16000000,
      "incomeBeforeTax": 1311000000,
      "incomeTaxExpense": 67000000,
      "netIncomeFromContinuingOperations": 1244000000,
      "netIncomeFromDiscontinuedOperations": 0,
      "otherAdjustmentsToNetIncome": 0,
      "netIncome": 1244000000,
      "netIncomeDeductions": 0,
      "bottomLineNetIncome": 1244000000,
      "eps": 0.051,
      "epsDiluted": 0.05,
      "weightedAverageShsOut": 24240000000,
      "weightedAverageShsOutDil": 25080000000
    },
    {
      "date": "2018-01-28",
      "symbol": "NVDA",
      "reportedCurrency": "USD",
      "cik": "0001045810",
      "filingDate": "2018-02-28",
      "acceptedDate": "2018-02-28 16:31:19",
      "fiscalYear": "2018",
      "period": "Q4",
      "revenue": 2911000000,
      "costOfRevenue": 1110000000,
      "grossProfit": 1801000000,
      "researchAndDevelopmentExpenses": 507000000,
      "generalAndAdministrativeExpenses": 0,
      "sellingAndMarketingExpenses": 0,
      "sellingGeneralAndAdministrativeExpenses": 221000000,
      "otherExpenses": 0,
      "operatingExpenses": 728000000,
      "costAndExpenses": 1838000000,
      "netInterestIncome": 6000000,
      "interestIncome": 21000000,
      "interestExpense": 15000000,
      "depreciationAndAmortization": 54000000,
      "ebitda": 1148000000,
      "ebit": 1094000000,
      "nonOperatingIncomeExcludingInterest": -21000000,
      "operatingIncome": 1073000000,
      "totalOtherIncomeExpensesNet": 6000000,
      "incomeBeforeTax": 1079000000,
      "incomeTaxExpense": -40000000,
      "netIncomeFromContinuingOperations": 1119000000,
      "netIncomeFromDiscontinuedOperations": 0,
      "otherAdjustmentsToNetIncome": 0,
      "netIncome": 1119000000,
      "netIncomeDeductions": 0,
      "bottomLineNetIncome": 1119000000,
      "eps": 0.046,
      "epsDiluted": 0.045,
      "weightedAverageShsOut": 24240000000,
      "weightedAverageShsOutDil": 25120000000
    },
    {
      "date": "2017-10-29",
      "symbol": "NVDA",
      "reportedCurrency": "USD",
      "cik": "0001045810",
      "filingDate": "2017-11-21",
      "acceptedDate": "2017-11-21 16:25:20",
      "fiscalYear": "2018",
      "period": "Q3",
      "revenue": 2636000000,
      "costOfRevenue": 1067000000,
      "grossProfit": 1569000000,
      "researchAndDevelopmentExpenses": 462000000,
      "generalAndAdministrativeExpenses": 0,
      "sellingAndMarketingExpenses": 0,
      "sellingGeneralAndAdministrativeExpenses": 212000000,
      "otherExpenses": 0,
      "operatingExpenses": 674000000,
      "costAndExpenses": 1741000000,
      "netInterestIncome": 2000000,
      "interestIncome": 17000000,
      "interestExpense": 15000000,
      "depreciationAndAmortization": 49000000,
      "ebitda": 960000000,
      "ebit": 911000000,
      "nonOperatingIncomeExcludingInterest": -16000000,
      "operatingIncome": 895000000,
      "totalOtherIncomeExpensesNet": 1000000,
      "incomeBeforeTax": 896000000,
      "incomeTaxExpense": 58000000,
      "netIncomeFromContinuingOperations": 838000000,
      "netIncomeFromDiscontinuedOperations": 0,
      "otherAdjustmentsToNetIncome": 0,
      "netIncome": 838000000,
      "netIncomeDeductions": 0,
      "bottomLineNetIncome": 838000000,
      "eps": 0.035,
      "epsDiluted": 0.033,
      "weightedAverageShsOut": 24120000000,
      "weightedAverageShsOutDil": 25120000000
    },
    {
      "date": "2017-07-30",
      "symbol": "NVDA",
      "reportedCurrency": "USD",
      "cik": "0001045810",
      "filingDate": "2017-08-23",
      "acceptedDate": "2017-08-23 16:24:51",
      "fiscalYear": "2018",
      "period": "Q2",
      "revenue": 2230000000,
      "costOfRevenue": 928000000,
      "grossProfit": 1302000000,
      "researchAndDevelopmentExpenses": 416000000,
      "generalAndAdministrativeExpenses": 0,
      "sellingAndMarketingExpenses": 0,
      "sellingGeneralAndAdministrativeExpenses": 198000000,
      "otherExpenses": 0,
      "operatingExpenses": 614000000,
      "costAndExpenses": 1542000000,
      "netInterestIncome": 0,
      "interestIncome": 15000000,
      "interestExpense": 15000000,
      "depreciationAndAmortization": 49000000,
      "ebitda": 748000000,
      "ebit": 699000000,
      "nonOperatingIncomeExcludingInterest": -11000000,
      "operatingIncome": 688000000,
      "totalOtherIncomeExpensesNet": -4000000,
      "incomeBeforeTax": 684000000,
      "incomeTaxExpense": 101000000,
      "netIncomeFromContinuingOperations": 583000000,
      "netIncomeFromDiscontinuedOperations": 0,
      "otherAdjustmentsToNetIncome": 0,
      "netIncome": 583000000,
      "netIncomeDeductions": 0,
      "bottomLineNetIncome": 583000000,
      "eps": 0.025,
      "epsDiluted": 0.023,
      "weightedAverageShsOut": 23880000000,
      "weightedAverageShsOutDil": 25320000000
    },
    {
      "date": "2017-04-30",
      "symbol": "NVDA",
      "reportedCurrency": "USD",
      "cik": "0001045810",
      "filingDate": "2017-05-23",
      "acceptedDate": "2017-05-23 16:34:55",
      "fiscalYear": "2018",
      "period": "Q1",
      "revenue": 1937000000,
      "costOfRevenue": 787000000,
      "grossProfit": 1150000000,
      "researchAndDevelopmentExpenses": 411000000,
      "generalAndAdministrativeExpenses": 0,
      "sellingAndMarketingExpenses": 0,
      "sellingGeneralAndAdministrativeExpenses": 185000000,
      "otherExpenses": 0,
      "operatingExpenses": 596000000,
      "costAndExpenses": 1383000000,
      "netInterestIncome": 0,
      "interestIncome": 16000000,
      "interestExpense": 16000000,
      "depreciationAndAmortization": 47000000,
      "ebitda": 599000000,
      "ebit": 552000000,
      "nonOperatingIncomeExcludingInterest": 2000000,
      "operatingIncome": 554000000,
      "totalOtherIncomeExpensesNet": -18000000,
      "incomeBeforeTax": 536000000,
      "incomeTaxExpense": 29000000,
      "netIncomeFromContinuingOperations": 507000000,
      "netIncomeFromDiscontinuedOperations": 0,
      "otherAdjustmentsToNetIncome": 0,
      "netIncome": 507000000,
      "netIncomeDeductions": 0,
      "bottomLineNetIncome": 507000000,
      "eps": 0.022,
      "epsDiluted": 0.02,
      "weightedAverageShsOut": 23680000000,
      "weightedAverageShsOutDil": 25640000000
    },
    {
      "date": "2017-01-29",
      "symbol": "NVDA",
      "reportedCurrency": "USD",
      "cik": "0001045810",
      "filingDate": "2017-03-01",
      "acceptedDate": "2017-03-01 17:30:49",
      "fiscalYear": "2017",
      "period": "Q4",
      "revenue": 2173000000,
      "costOfRevenue": 870000000,
      "grossProfit": 1303000000,
      "researchAndDevelopmentExpenses": 394000000,
      "generalAndAdministrativeExpenses": 0,
      "sellingAndMarketingExpenses": 0,
      "sellingGeneralAndAdministrativeExpenses": 176000000,
      "otherExpenses": 0,
      "operatingExpenses": 570000000,
      "costAndExpenses": 1440000000,
      "netInterestIncome": -2000000,
      "interestIncome": 17000000,
      "interestExpense": 19000000,
      "depreciationAndAmortization": 47000000,
      "ebitda": 791000000,
      "ebit": 744000000,
      "nonOperatingIncomeExcludingInterest": -11000000,
      "operatingIncome": 733000000,
      "totalOtherIncomeExpensesNet": -8000000,
      "incomeBeforeTax": 725000000,
      "incomeTaxExpense": 71000000,
      "netIncomeFromContinuingOperations": 654000000,
      "netIncomeFromDiscontinuedOperations": 0,
      "otherAdjustmentsToNetIncome": 0,
      "netIncome": 654000000,
      "netIncomeDeductions": 0,
      "bottomLineNetIncome": 654000000,
      "eps": 0.03,
      "epsDiluted": 0.025,
      "weightedAverageShsOut": 22120000000,
      "weightedAverageShsOutDil": 26400000000
    },
    {
      "date": "2016-10-30",
      "symbol": "NVDA",
      "reportedCurrency": "USD",
      "cik": "0001045810",
      "filingDate": "2016-11-22",
      "acceptedDate": "2016-11-22 16:29:33",
      "fiscalYear": "2017",
      "period": "Q3",
      "revenue": 2004000000,
      "costOfRevenue": 821000000,
      "grossProfit": 1183000000,
      "researchAndDevelopmentExpenses": 373000000,
      "generalAndAdministrativeExpenses": 0,
      "sellingAndMarketingExpenses": 0,
      "sellingGeneralAndAdministrativeExpenses": 171000000,
      "otherExpenses": 0,
      "operatingExpenses": 544000000,
      "costAndExpenses": 1365000000,
      "netInterestIncome": -2000000,
      "interestIncome": 14000000,
      "interestExpense": 16000000,
      "depreciationAndAmortization": 48000000,
      "ebitda": 685000000,
      "ebit": 637000000,
      "nonOperatingIncomeExcludingInterest": 2000000,
      "operatingIncome": 639000000,
      "totalOtherIncomeExpensesNet": -18000000,
      "incomeBeforeTax": 621000000,
      "incomeTaxExpense": 79000000,
      "netIncomeFromContinuingOperations": 542000000,
      "netIncomeFromDiscontinuedOperations": 0,
      "otherAdjustmentsToNetIncome": 0,
      "netIncome": 542000000,
      "netIncomeDeductions": 0,
      "bottomLineNetIncome": 542000000,
      "eps": 0.025,
      "epsDiluted": 0.021,
      "weightedAverageShsOut": 21520000000,
      "weightedAverageShsOutDil": 26120000000
    },
    {
      "date": "2016-07-31",
      "symbol": "NVDA",
      "reportedCurrency": "USD",
      "cik": "0001045810",
      "filingDate": "2016-08-23",
      "acceptedDate": "2016-08-23 17:20:18",
      "fiscalYear": "2017",
      "period": "Q2",
      "revenue": 1428000000,
      "costOfRevenue": 602000000,
      "grossProfit": 826000000,
      "researchAndDevelopmentExpenses": 350000000,
      "generalAndAdministrativeExpenses": 0,
      "sellingAndMarketingExpenses": 0,
      "sellingGeneralAndAdministrativeExpenses": 157000000,
      "otherExpenses": 2000000,
      "operatingExpenses": 509000000,
      "costAndExpenses": 1111000000,
      "netInterestIncome": 0,
      "interestIncome": 12000000,
      "interestExpense": 12000000,
      "depreciationAndAmortization": 47000000,
      "ebitda": 376000000,
      "ebit": 329000000,
      "nonOperatingIncomeExcludingInterest": -12000000,
      "operatingIncome": 317000000,
      "totalOtherIncomeExpensesNet": 0,
      "incomeBeforeTax": 317000000,
      "incomeTaxExpense": 56000000,
      "netIncomeFromContinuingOperations": 261000000,
      "netIncomeFromDiscontinuedOperations": 0,
      "otherAdjustmentsToNetIncome": 0,
      "netIncome": 261000000,
      "netIncomeDeductions": 0,
      "bottomLineNetIncome": 261000000,
      "eps": 0.012,
      "epsDiluted": 0.01,
      "weightedAverageShsOut": 21360000000,
      "weightedAverageShsOutDil": 25240000000
    },
    {
      "date": "2016-05-01",
      "symbol": "NVDA",
      "reportedCurrency": "USD",
      "cik": "0001045810",
      "filingDate": "2016-05-25",
      "acceptedDate": "2016-05-25 16:55:13",
      "fiscalYear": "2017",
      "period": "Q1",
      "revenue": 1305000000,
      "costOfRevenue": 554000000,
      "grossProfit": 751000000,
      "researchAndDevelopmentExpenses": 346000000,
      "generalAndAdministrativeExpenses": 0,
      "sellingAndMarketingExpenses": 0,
      "sellingGeneralAndAdministrativeExpenses": 159000000,
      "otherExpenses": 1000000,
      "operatingExpenses": 506000000,
      "costAndExpenses": 1060000000,
      "netInterestIncome": 0,
      "interestIncome": 12000000,
      "interestExpense": 12000000,
      "depreciationAndAmortization": 45000000,
      "ebitda": 298000000,
      "ebit": 253000000,
      "nonOperatingIncomeExcludingInterest": -8000000,
      "operatingIncome": 245000000,
      "totalOtherIncomeExpensesNet": -4000000,
      "incomeBeforeTax": 241000000,
      "incomeTaxExpense": 33000000,
      "netIncomeFromContinuingOperations": 208000000,
      "netIncomeFromDiscontinuedOperations": 0,
      "otherAdjustmentsToNetIncome": 0,
      "netIncome": 208000000,
      "netIncomeDeductions": 0,
      "bottomLineNetIncome": 208000000,
      "eps": 0.009,
      "epsDiluted": 0.0083,
      "weightedAverageShsOut": 21480000000,
      "weightedAverageShsOutDil": 23880000000
    },
    {
      "date": "2016-01-31",
      "symbol": "NVDA",
      "reportedCurrency": "USD",
      "cik": "0001045810",
      "filingDate": "2016-03-17",
      "acceptedDate": "2016-03-16 18:07:18",
      "fiscalYear": "2016",
      "period": "Q4",
      "revenue": 1401000000,
      "costOfRevenue": 610000000,
      "grossProfit": 791000000,
      "researchAndDevelopmentExpenses": 344000000,
      "generalAndAdministrativeExpenses": 0,
      "sellingAndMarketingExpenses": 0,
      "sellingGeneralAndAdministrativeExpenses": 161000000,
      "otherExpenses": 34000000,
      "operatingExpenses": 539000000,
      "costAndExpenses": 1149000000,
      "netInterestIncome": -1000000,
      "interestIncome": 11000000,
      "interestExpense": 12000000,
      "depreciationAndAmortization": 46000000,
      "ebitda": 312000000,
      "ebit": 266000000,
      "nonOperatingIncomeExcludingInterest": -14000000,
      "operatingIncome": 252000000,
      "totalOtherIncomeExpensesNet": 2000000,
      "incomeBeforeTax": 254000000,
      "incomeTaxExpense": 46000000,
      "netIncomeFromContinuingOperations": 208000000,
      "netIncomeFromDiscontinuedOperations": 0,
      "otherAdjustmentsToNetIncome": 0,
      "netIncome": 208000000,
      "netIncomeDeductions": 0,
      "bottomLineNetIncome": 208000000,
      "eps": 0.0095,
      "epsDiluted": 0.0088,
      "weightedAverageShsOut": 21560000000,
      "weightedAverageShsOutDil": 23720000000
    },
    {
      "date": "2015-10-25",
      "symbol": "NVDA",
      "reportedCurrency": "USD",
      "cik": "0001045810",
      "filingDate": "2015-11-18",
      "acceptedDate": "2015-11-18 16:39:57",
      "fiscalYear": "2016",
      "period": "Q3",
      "revenue": 1305000000,
      "costOfRevenue": 571000000,
      "grossProfit": 734000000,
      "researchAndDevelopmentExpenses": 329000000,
      "generalAndAdministrativeExpenses": 0,
      "sellingAndMarketingExpenses": 0,
      "sellingGeneralAndAdministrativeExpenses": 152000000,
      "otherExpenses": 8000000,
      "operatingExpenses": 489000000,
      "costAndExpenses": 1060000000,
      "netInterestIncome": -3000000,
      "interestIncome": 9000000,
      "interestExpense": 12000000,
      "depreciationAndAmortization": 48000000,
      "ebitda": 305000000,
      "ebit": 257000000,
      "nonOperatingIncomeExcludingInterest": -12000000,
      "operatingIncome": 245000000,
      "totalOtherIncomeExpensesNet": 0,
      "incomeBeforeTax": 245000000,
      "incomeTaxExpense": -1000000,
      "netIncomeFromContinuingOperations": 246000000,
      "netIncomeFromDiscontinuedOperations": 0,
      "otherAdjustmentsToNetIncome": 0,
      "netIncome": 246000000,
      "netIncomeDeductions": 0,
      "bottomLineNetIncome": 246000000,
      "eps": 0.011,
      "epsDiluted": 0.011,
      "weightedAverageShsOut": 21680000000,
      "weightedAverageShsOutDil": 22600000000
    }
  ]
}