{
  "ticker": "PYPL",
  "endpoint": "income-statement",
  "fetched_at": "2025-09-05T14:21:26.914842",
  "data": [
    {
      "date": "2025-06-30",
      "symbol": "PYPL",
      "reportedCurrency": "USD",
      "cik": "0001633917",
      "filingDate": "2025-07-29",
      "acceptedDate": "2025-07-29 17:06:28",
      "fiscalYear": "2025",
      "period": "Q2",
      "revenue": 8288000000,
      "costOfRevenue": 4444000000,
      "grossProfit": 3844000000,
      "researchAndDevelopmentExpenses": 767000000,
      "generalAndAdministrativeExpenses": 461000000,
      "sellingAndMarketingExpenses": 583000000,
      "sellingGeneralAndAdministrativeExpenses": 1044000000,
      "otherExpenses": 529000000,
      "operatingExpenses": 2340000000,
      "costAndExpenses": 6784000000,
      "netInterestIncome": 21000000,
      "interestIncome": 135000000,
      "interestExpense": 114000000,
      "depreciationAndAmortization": 239000000,
      "ebitda": 1882000000,
      "ebit": 1643000000,
      "nonOperatingIncomeExcludingInterest": -139000000,
      "operatingIncome": 1504000000,
      "totalOtherIncomeExpensesNet": 25000000,
      "incomeBeforeTax": 1529000000,
      "incomeTaxExpense": 268000000,
      "netIncomeFromContinuingOperations": 1261000000,
      "netIncomeFromDiscontinuedOperations": 0,
      "otherAdjustmentsToNetIncome": 0,
      "netIncome": 1261000000,
      "netIncomeDeductions": 0,
      "bottomLineNetIncome": 1261000000,
      "eps": 1.3,
      "epsDiluted": 1.29,
      "weightedAverageShsOut": 969000000,
      "weightedAverageShsOutDil": 977000000
    },
    {
      "date": "2025-03-31",
      "symbol": "PYPL",
      "reportedCurrency": "USD",
      "cik": "0001633917",
      "filingDate": "2025-04-29",
      "acceptedDate": "2025-04-29 16:54:06",
      "fiscalYear": "2025",
      "period": "Q1",
      "revenue": 7791000000,
      "costOfRevenue": 4075000000,
      "grossProfit": 3716000000,
      "researchAndDevelopmentExpenses": 731000000,
      "generalAndAdministrativeExpenses": 503000000,
      "sellingAndMarketingExpenses": 488000000,
      "sellingGeneralAndAdministrativeExpenses": 991000000,
      "otherExpenses": 464000000,
      "operatingExpenses": 2186000000,
      "costAndExpenses": 6261000000,
      "netInterestIncome": 42000000,
      "interestIncome": 145000000,
      "interestExpense": 103000000,
      "depreciationAndAmortization": 245000000,
      "ebitda": 1951000000,
      "ebit": 1706000000,
      "nonOperatingIncomeExcludingInterest": -176000000,
      "operatingIncome": 1530000000,
      "totalOtherIncomeExpensesNet": 73000000,
      "incomeBeforeTax": 1603000000,
      "incomeTaxExpense": 316000000,
      "netIncomeFromContinuingOperations": 1287000000,
      "netIncomeFromDiscontinuedOperations": 0,
      "otherAdjustmentsToNetIncome": 0,
      "netIncome": 1287000000,
      "netIncomeDeductions": 0,
      "bottomLineNetIncome": 1287000000,
      "eps": 1.31,
      "epsDiluted": 1.29,
      "weightedAverageShsOut": 986000000,
      "weightedAverageShsOutDil": 999000000
    },
    {
      "date": "2024-12-31",
      "symbol": "PYPL",
      "reportedCurrency": "USD",
      "cik": "0001633917",
      "filingDate": "2025-02-04",
      "acceptedDate": "2025-02-04 17:25:36",
      "fiscalYear": "2024",
      "period": "Q4",
      "revenue": 8366000000,
      "costOfRevenue": 4431000000,
      "grossProfit": 3935000000,
      "researchAndDevelopmentExpenses": 773000000,
      "generalAndAdministrativeExpenses": 594000000,
      "sellingAndMarketingExpenses": 626000000,
      "sellingGeneralAndAdministrativeExpenses": 1220000000,
      "otherExpenses": 501000000,
      "operatingExpenses": 2494000000,
      "costAndExpenses": 6925000000,
      "netInterestIncome": 51000000,
      "interestIncome": 148000000,
      "interestExpense": 97000000,
      "depreciationAndAmortization": 249000000,
      "ebitda": 1756000000,
      "ebit": 1507000000,
      "nonOperatingIncomeExcludingInterest": -66000000,
      "operatingIncome": 1441000000,
      "totalOtherIncomeExpensesNet": -31000000,
      "incomeBeforeTax": 1410000000,
      "incomeTaxExpense": 289000000,
      "netIncomeFromContinuingOperations": 1121000000,
      "netIncomeFromDiscontinuedOperations": 0,
      "otherAdjustmentsToNetIncome": 0,
      "netIncome": 1121000000,
      "netIncomeDeductions": 0,
      "bottomLineNetIncome": 1121000000,
      "eps": 1.12,
      "epsDiluted": 1.11,
      "weightedAverageShsOut": 997000000,
      "weightedAverageShsOutDil": 1014000000
    },
    {
      "date": "2024-09-30",
      "symbol": "PYPL",
      "reportedCurrency": "USD",
      "cik": "0001633917",
      "filingDate": "2024-10-29",
      "acceptedDate": "2024-10-29 16:55:06",
      "fiscalYear": "2024",
      "period": "Q3",
      "revenue": 7847000000,
      "costOfRevenue": 4193000000,
      "grossProfit": 3654000000,
      "researchAndDevelopmentExpenses": 746000000,
      "generalAndAdministrativeExpenses": 519000000,
      "sellingAndMarketingExpenses": 508000000,
      "sellingGeneralAndAdministrativeExpenses": 1027000000,
      "otherExpenses": 490000000,
      "operatingExpenses": 2263000000,
      "costAndExpenses": 6456000000,
      "netInterestIncome": 77000000,
      "interestIncome": 183000000,
      "interestExpense": 106000000,
      "depreciationAndAmortization": 255000000,
      "ebitda": 1672000000,
      "ebit": 1417000000,
      "nonOperatingIncomeExcludingInterest": -26000000,
      "operatingIncome": 1391000000,
      "totalOtherIncomeExpensesNet": -80000000,
      "incomeBeforeTax": 1311000000,
      "incomeTaxExpense": 301000000,
      "netIncomeFromContinuingOperations": 1010000000,
      "netIncomeFromDiscontinuedOperations": 0,
      "otherAdjustmentsToNetIncome": 0,
      "netIncome": 1010000000,
      "netIncomeDeductions": 0,
      "bottomLineNetIncome": 1010000000,
      "eps": 1,
      "epsDiluted": 0.99,
      "weightedAverageShsOut": 1015000000,
      "weightedAverageShsOutDil": 1024000000
    },
    {
      "date": "2024-06-30",
      "symbol": "PYPL",
      "reportedCurrency": "USD",
      "cik": "0001633917",
      "filingDate": "2024-07-30",
      "acceptedDate": "2024-07-30 16:52:08",
      "fiscalYear": "2024",
      "period": "Q2",
      "revenue": 7885000000,
      "costOfRevenue": 4277000000,
      "grossProfit": 3608000000,
      "researchAndDevelopmentExpenses": 718000000,
      "generalAndAdministrativeExpenses": 570000000,
      "sellingAndMarketingExpenses": 446000000,
      "sellingGeneralAndAdministrativeExpenses": 1016000000,
      "otherExpenses": 549000000,
      "operatingExpenses": 2283000000,
      "costAndExpenses": 6560000000,
      "netInterestIncome": 72000000,
      "interestIncome": 165000000,
      "interestExpense": 93000000,
      "depreciationAndAmortization": 263000000,
      "ebitda": 1755000000,
      "ebit": 1492000000,
      "nonOperatingIncomeExcludingInterest": -167000000,
      "operatingIncome": 1325000000,
      "totalOtherIncomeExpensesNet": 74000000,
      "incomeBeforeTax": 1399000000,
      "incomeTaxExpense": 271000000,
      "netIncomeFromContinuingOperations": 1128000000,
      "netIncomeFromDiscontinuedOperations": 0,
      "otherAdjustmentsToNetIncome": 0,
      "netIncome": 1128000000,
      "netIncomeDeductions": 0,
      "bottomLineNetIncome": 1128000000,
      "eps": 1.08,
      "epsDiluted": 1.08,
      "weightedAverageShsOut": 1042000000,
      "weightedAverageShsOutDil": 1047000000
    },
    {
      "date": "2024-03-31",
      "symbol": "PYPL",
      "reportedCurrency": "USD",
      "cik": "0001633917",
      "filingDate": "2024-04-30",
      "acceptedDate": "2024-04-30 16:49:48",
      "fiscalYear": "2024",
      "period": "Q1",
      "revenue": 7699000000,
      "costOfRevenue": 4238000000,
      "grossProfit": 3461000000,
      "researchAndDevelopmentExpenses": 742000000,
      "generalAndAdministrativeExpenses": 464000000,
      "sellingAndMarketingExpenses": 421000000,
      "sellingGeneralAndAdministrativeExpenses": 885000000,
      "otherExpenses": 666000000,
      "operatingExpenses": 2293000000,
      "costAndExpenses": 6531000000,
      "netInterestIncome": 80000000,
      "interestIncome": 166000000,
      "interestExpense": 86000000,
      "depreciationAndAmortization": 265000000,
      "ebitda": 1560000000,
      "ebit": 1295000000,
      "nonOperatingIncomeExcludingInterest": -127000000,
      "operatingIncome": 1168000000,
      "totalOtherIncomeExpensesNet": 41000000,
      "incomeBeforeTax": 1209000000,
      "incomeTaxExpense": 321000000,
      "netIncomeFromContinuingOperations": 888000000,
      "netIncomeFromDiscontinuedOperations": 0,
      "otherAdjustmentsToNetIncome": 0,
      "netIncome": 888000000,
      "netIncomeDeductions": 0,
      "bottomLineNetIncome": 888000000,
      "eps": 0.83,
      "epsDiluted": 0.83,
      "weightedAverageShsOut": 1064000000,
      "weightedAverageShsOutDil": 1072000000
    },
    {
      "date": "2023-12-31",
      "symbol": "PYPL",
      "reportedCurrency": "USD",
      "cik": "0001633917",
      "filingDate": "2024-02-08",
      "acceptedDate": "2024-02-07 19:35:06",
      "fiscalYear": "2023",
      "period": "Q4",
      "revenue": 8026000000,
      "costOfRevenue": 4354000000,
      "grossProfit": 3672000000,
      "researchAndDevelopmentExpenses": 770000000,
      "generalAndAdministrativeExpenses": 554000000,
      "sellingAndMarketingExpenses": 466000000,
      "sellingGeneralAndAdministrativeExpenses": 1020000000,
      "otherExpenses": 154000000,
      "operatingExpenses": 1944000000,
      "costAndExpenses": 6298000000,
      "netInterestIncome": 45000000,
      "interestIncome": 132000000,
      "interestExpense": 87000000,
      "depreciationAndAmortization": 263000000,
      "ebitda": 2143000000,
      "ebit": 1880000000,
      "nonOperatingIncomeExcludingInterest": -152000000,
      "operatingIncome": 1728000000,
      "totalOtherIncomeExpensesNet": 65000000,
      "incomeBeforeTax": 1793000000,
      "incomeTaxExpense": 391000000,
      "netIncomeFromContinuingOperations": 1402000000,
      "netIncomeFromDiscontinuedOperations": 0,
      "otherAdjustmentsToNetIncome": 0,
      "netIncome": 1402000000,
      "netIncomeDeductions": 0,
      "bottomLineNetIncome": 1402000000,
      "eps": 1.3,
      "epsDiluted": 1.29,
      "weightedAverageShsOut": 1077000000,
      "weightedAverageShsOutDil": 1084000000
    },
    {
      "date": "2023-09-30",
      "symbol": "PYPL",
      "reportedCurrency": "USD",
      "cik": "0001633917",
      "filingDate": "2023-11-02",
      "acceptedDate": "2023-11-01 19:36:59",
      "fiscalYear": "2023",
      "period": "Q3",
      "revenue": 7418000000,
      "costOfRevenue": 4049000000,
      "grossProfit": 3369000000,
      "researchAndDevelopmentExpenses": 739000000,
      "generalAndAdministrativeExpenses": 507000000,
      "sellingAndMarketingExpenses": 442000000,
      "sellingGeneralAndAdministrativeExpenses": 949000000,
      "otherExpenses": 513000000,
      "operatingExpenses": 2201000000,
      "costAndExpenses": 6250000000,
      "netInterestIncome": 38000000,
      "interestIncome": 124000000,
      "interestExpense": 86000000,
      "depreciationAndAmortization": 270000000,
      "ebitda": 1597000000,
      "ebit": 1327000000,
      "nonOperatingIncomeExcludingInterest": -159000000,
      "operatingIncome": 1168000000,
      "totalOtherIncomeExpensesNet": 73000000,
      "incomeBeforeTax": 1241000000,
      "incomeTaxExpense": 221000000,
      "netIncomeFromContinuingOperations": 1020000000,
      "netIncomeFromDiscontinuedOperations": 0,
      "otherAdjustmentsToNetIncome": 0,
      "netIncome": 1020000000,
      "netIncomeDeductions": 0,
      "bottomLineNetIncome": 1020000000,
      "eps": 0.93,
      "epsDiluted": 0.93,
      "weightedAverageShsOut": 1094000000,
      "weightedAverageShsOutDil": 1098000000
    },
    {
      "date": "2023-06-30",
      "symbol": "PYPL",
      "reportedCurrency": "USD",
      "cik": "0001633917",
      "filingDate": "2023-08-03",
      "acceptedDate": "2023-08-02 19:24:53",
      "fiscalYear": "2023",
      "period": "Q2",
      "revenue": 7287000000,
      "costOfRevenue": 3939000000,
      "grossProfit": 3348000000,
      "researchAndDevelopmentExpenses": 743000000,
      "generalAndAdministrativeExpenses": 491000000,
      "sellingAndMarketingExpenses": 465000000,
      "sellingGeneralAndAdministrativeExpenses": 956000000,
      "otherExpenses": 516000000,
      "operatingExpenses": 2215000000,
      "costAndExpenses": 6154000000,
      "netInterestIncome": 29000000,
      "interestIncome": 116000000,
      "interestExpense": 87000000,
      "depreciationAndAmortization": 269000000,
      "ebitda": 1659000000,
      "ebit": 1390000000,
      "nonOperatingIncomeExcludingInterest": -257000000,
      "operatingIncome": 1133000000,
      "totalOtherIncomeExpensesNet": 170000000,
      "incomeBeforeTax": 1303000000,
      "incomeTaxExpense": 274000000,
      "netIncomeFromContinuingOperations": 1029000000,
      "netIncomeFromDiscontinuedOperations": 0,
      "otherAdjustmentsToNetIncome": 0,
      "netIncome": 1029000000,
      "netIncomeDeductions": 0,
      "bottomLineNetIncome": 1029000000,
      "eps": 0.93,
      "epsDiluted": 0.92,
      "weightedAverageShsOut": 1111000000,
      "weightedAverageShsOutDil": 1114000000
    },
    {
      "date": "2023-03-31",
      "symbol": "PYPL",
      "reportedCurrency": "USD",
      "cik": "0001633917",
      "filingDate": "2023-05-09",
      "acceptedDate": "2023-05-08 19:11:44",
      "fiscalYear": "2023",
      "period": "Q1",
      "revenue": 7040000000,
      "costOfRevenue": 3725000000,
      "grossProfit": 3315000000,
      "researchAndDevelopmentExpenses": 721000000,
      "generalAndAdministrativeExpenses": 507000000,
      "sellingAndMarketingExpenses": 436000000,
      "sellingGeneralAndAdministrativeExpenses": 943000000,
      "otherExpenses": 652000000,
      "operatingExpenses": 2316000000,
      "costAndExpenses": 6041000000,
      "netInterestIncome": 21000000,
      "interestIncome": 108000000,
      "interestExpense": 87000000,
      "depreciationAndAmortization": 270000000,
      "ebitda": 1431000000,
      "ebit": 1161000000,
      "nonOperatingIncomeExcludingInterest": -162000000,
      "operatingIncome": 999000000,
      "totalOtherIncomeExpensesNet": 75000000,
      "incomeBeforeTax": 1074000000,
      "incomeTaxExpense": 279000000,
      "netIncomeFromContinuingOperations": 795000000,
      "netIncomeFromDiscontinuedOperations": 0,
      "otherAdjustmentsToNetIncome": 0,
      "netIncome": 795000000,
      "netIncomeDeductions": 0,
      "bottomLineNetIncome": 795000000,
      "eps": 0.7,
      "epsDiluted": 0.7,
      "weightedAverageShsOut": 1129000000,
      "weightedAverageShsOutDil": 1134000000
    },
    {
      "date": "2022-12-31",
      "symbol": "PYPL",
      "reportedCurrency": "USD",
      "cik": "0001633917",
      "filingDate": "2023-02-10",
      "acceptedDate": "2023-02-09 19:38:19",
      "fiscalYear": "2022",
      "period": "Q4",
      "revenue": 7383000000,
      "costOfRevenue": 3712000000,
      "grossProfit": 3671000000,
      "researchAndDevelopmentExpenses": 822000000,
      "generalAndAdministrativeExpenses": 515000000,
      "sellingAndMarketingExpenses": 524000000,
      "sellingGeneralAndAdministrativeExpenses": 1039000000,
      "otherExpenses": 566000000,
      "operatingExpenses": 2427000000,
      "costAndExpenses": 6139000000,
      "netInterestIncome": -5000000,
      "interestIncome": 84000000,
      "interestExpense": 89000000,
      "depreciationAndAmortization": 326000000,
      "ebitda": 1525000000,
      "ebit": 1199000000,
      "nonOperatingIncomeExcludingInterest": 45000000,
      "operatingIncome": 1244000000,
      "totalOtherIncomeExpensesNet": -134000000,
      "incomeBeforeTax": 1110000000,
      "incomeTaxExpense": 189000000,
      "netIncomeFromContinuingOperations": 921000000,
      "netIncomeFromDiscontinuedOperations": 0,
      "otherAdjustmentsToNetIncome": 0,
      "netIncome": 921000000,
      "netIncomeDeductions": 0,
      "bottomLineNetIncome": 921000000,
      "eps": 0.81,
      "epsDiluted": 0.81,
      "weightedAverageShsOut": 1139000000,
      "weightedAverageShsOutDil": 1144000000
    },
    {
      "date": "2022-09-30",
      "symbol": "PYPL",
      "reportedCurrency": "USD",
      "cik": "0001633917",
      "filingDate": "2022-11-04",
      "acceptedDate": "2022-11-03 19:29:22",
      "fiscalYear": "2022",
      "period": "Q3",
      "revenue": 6846000000,
      "costOfRevenue": 3355000000,
      "grossProfit": 3491000000,
      "researchAndDevelopmentExpenses": 801000000,
      "generalAndAdministrativeExpenses": 463000000,
      "sellingAndMarketingExpenses": 544000000,
      "sellingGeneralAndAdministrativeExpenses": 1007000000,
      "otherExpenses": 565000000,
      "operatingExpenses": 2373000000,
      "costAndExpenses": 5728000000,
      "netInterestIncome": -39000000,
      "interestIncome": 48000000,
      "interestExpense": 87000000,
      "depreciationAndAmortization": 330000000,
      "ebitda": 1995000000,
      "ebit": 1665000000,
      "nonOperatingIncomeExcludingInterest": -547000000,
      "operatingIncome": 1118000000,
      "totalOtherIncomeExpensesNet": 460000000,
      "incomeBeforeTax": 1578000000,
      "incomeTaxExpense": 248000000,
      "netIncomeFromContinuingOperations": 1330000000,
      "netIncomeFromDiscontinuedOperations": 0,
      "otherAdjustmentsToNetIncome": 0,
      "netIncome": 1330000000,
      "netIncomeDeductions": 0,
      "bottomLineNetIncome": 1330000000,
      "eps": 1.15,
      "epsDiluted": 1.15,
      "weightedAverageShsOut": 1154000000,
      "weightedAverageShsOutDil": 1157000000
    },
    {
      "date": "2022-06-30",
      "symbol": "PYPL",
      "reportedCurrency": "USD",
      "cik": "0001633917",
      "filingDate": "2022-08-03",
      "acceptedDate": "2022-08-02 19:32:26",
      "fiscalYear": "2022",
      "period": "Q2",
      "revenue": 6806000000,
      "costOfRevenue": 3492000000,
      "grossProfit": 3314000000,
      "researchAndDevelopmentExpenses": 815000000,
      "generalAndAdministrativeExpenses": 514000000,
      "sellingAndMarketingExpenses": 595000000,
      "sellingGeneralAndAdministrativeExpenses": 1109000000,
      "otherExpenses": 626000000,
      "operatingExpenses": 2550000000,
      "costAndExpenses": 6042000000,
      "netInterestIncome": -42000000,
      "interestIncome": 27000000,
      "interestExpense": 69000000,
      "depreciationAndAmortization": 333000000,
      "ebitda": 451000000,
      "ebit": 118000000,
      "nonOperatingIncomeExcludingInterest": 646000000,
      "operatingIncome": 764000000,
      "totalOtherIncomeExpensesNet": -715000000,
      "incomeBeforeTax": 49000000,
      "incomeTaxExpense": 390000000,
      "netIncomeFromContinuingOperations": -341000000,
      "netIncomeFromDiscontinuedOperations": 0,
      "otherAdjustmentsToNetIncome": 0,
      "netIncome": -341000000,
      "netIncomeDeductions": 0,
      "bottomLineNetIncome": -341000000,
      "eps": -0.29,
      "epsDiluted": -0.29,
      "weightedAverageShsOut": 1158000000,
      "weightedAverageShsOutDil": 1158000000
    },
    {
      "date": "2022-03-31",
      "symbol": "PYPL",
      "reportedCurrency": "USD",
      "cik": "0001633917",
      "filingDate": "2022-04-28",
      "acceptedDate": "2022-04-28 16:49:04",
      "fiscalYear": "2022",
      "period": "Q1",
      "revenue": 6483000000,
      "costOfRevenue": 3186000000,
      "grossProfit": 3297000000,
      "researchAndDevelopmentExpenses": 815000000,
      "generalAndAdministrativeExpenses": 607000000,
      "sellingAndMarketingExpenses": 594000000,
      "sellingGeneralAndAdministrativeExpenses": 1201000000,
      "otherExpenses": 570000000,
      "operatingExpenses": 2586000000,
      "costAndExpenses": 5772000000,
      "netInterestIncome": -44000000,
      "interestIncome": 15000000,
      "interestExpense": 59000000,
      "depreciationAndAmortization": 328000000,
      "ebitda": 1016000000,
      "ebit": 688000000,
      "nonOperatingIncomeExcludingInterest": 23000000,
      "operatingIncome": 711000000,
      "totalOtherIncomeExpensesNet": -82000000,
      "incomeBeforeTax": 629000000,
      "incomeTaxExpense": 120000000,
      "netIncomeFromContinuingOperations": 509000000,
      "netIncomeFromDiscontinuedOperations": 0,
      "otherAdjustmentsToNetIncome": 0,
      "netIncome": 509000000,
      "netIncomeDeductions": 0,
      "bottomLineNetIncome": 509000000,
      "eps": 0.44,
      "epsDiluted": 0.43,
      "weightedAverageShsOut": 1163000000,
      "weightedAverageShsOutDil": 1172000000
    },
    {
      "date": "2021-12-31",
      "symbol": "PYPL",
      "reportedCurrency": "USD",
      "cik": "0001633917",
      "filingDate": "2022-02-03",
      "acceptedDate": "2022-02-03 16:55:53",
      "fiscalYear": "2021",
      "period": "Q4",
      "revenue": 6918000000,
      "costOfRevenue": 3302000000,
      "grossProfit": 3616000000,
      "researchAndDevelopmentExpenses": 796000000,
      "generalAndAdministrativeExpenses": 570000000,
      "sellingAndMarketingExpenses": 666000000,
      "sellingGeneralAndAdministrativeExpenses": 1236000000,
      "otherExpenses": 534000000,
      "operatingExpenses": 2566000000,
      "costAndExpenses": 5868000000,
      "netInterestIncome": -45000000,
      "interestIncome": 14000000,
      "interestExpense": 59000000,
      "depreciationAndAmortization": 326000000,
      "ebitda": 1091000000,
      "ebit": 765000000,
      "nonOperatingIncomeExcludingInterest": 285000000,
      "operatingIncome": 1050000000,
      "totalOtherIncomeExpensesNet": -344000000,
      "incomeBeforeTax": 706000000,
      "incomeTaxExpense": -95000000,
      "netIncomeFromContinuingOperations": 801000000,
      "netIncomeFromDiscontinuedOperations": 0,
      "otherAdjustmentsToNetIncome": 0,
      "netIncome": 801000000,
      "netIncomeDeductions": 0,
      "bottomLineNetIncome": 801000000,
      "eps": 0.68,
      "epsDiluted": 0.67,
      "weightedAverageShsOut": 1174000000,
      "weightedAverageShsOutDil": 1187000000
    },
    {
      "date": "2021-09-30",
      "symbol": "PYPL",
      "reportedCurrency": "USD",
      "cik": "0001633917",
      "filingDate": "2021-11-09",
      "acceptedDate": "2021-11-08 19:24:41",
      "fiscalYear": "2021",
      "period": "Q3",
      "revenue": 6182000000,
      "costOfRevenue": 2832000000,
      "grossProfit": 3350000000,
      "researchAndDevelopmentExpenses": 755000000,
      "generalAndAdministrativeExpenses": 498000000,
      "sellingAndMarketingExpenses": 549000000,
      "sellingGeneralAndAdministrativeExpenses": 1047000000,
      "otherExpenses": 505000000,
      "operatingExpenses": 2307000000,
      "costAndExpenses": 5139000000,
      "netInterestIncome": -43000000,
      "interestIncome": 15000000,
      "interestExpense": 58000000,
      "depreciationAndAmortization": 323000000,
      "ebitda": 1546000000,
      "ebit": 1223000000,
      "nonOperatingIncomeExcludingInterest": -180000000,
      "operatingIncome": 1043000000,
      "totalOtherIncomeExpensesNet": 122000000,
      "incomeBeforeTax": 1165000000,
      "incomeTaxExpense": 78000000,
      "netIncomeFromContinuingOperations": 1087000000,
      "netIncomeFromDiscontinuedOperations": 0,
      "otherAdjustmentsToNetIncome": 0,
      "netIncome": 1087000000,
      "netIncomeDeductions": 0,
      "bottomLineNetIncome": 1087000000,
      "eps": 0.93,
      "epsDiluted": 0.92,
      "weightedAverageShsOut": 1174000000,
      "weightedAverageShsOutDil": 1187000000
    },
    {
      "date": "2021-06-30",
      "symbol": "PYPL",
      "reportedCurrency": "USD",
      "cik": "0001633917",
      "filingDate": "2021-07-29",
      "acceptedDate": "2021-07-29 16:40:05",
      "fiscalYear": "2021",
      "period": "Q2",
      "revenue": 6238000000,
      "costOfRevenue": 2693000000,
      "grossProfit": 3545000000,
      "researchAndDevelopmentExpenses": 746000000,
      "generalAndAdministrativeExpenses": 522000000,
      "sellingAndMarketingExpenses": 628000000,
      "sellingGeneralAndAdministrativeExpenses": 1150000000,
      "otherExpenses": 522000000,
      "operatingExpenses": 2418000000,
      "costAndExpenses": 5111000000,
      "netInterestIncome": -44000000,
      "interestIncome": 13000000,
      "interestExpense": 57000000,
      "depreciationAndAmortization": 316000000,
      "ebitda": 1729000000,
      "ebit": 1413000000,
      "nonOperatingIncomeExcludingInterest": -286000000,
      "operatingIncome": 1127000000,
      "totalOtherIncomeExpensesNet": 229000000,
      "incomeBeforeTax": 1356000000,
      "incomeTaxExpense": 172000000,
      "netIncomeFromContinuingOperations": 1184000000,
      "netIncomeFromDiscontinuedOperations": 0,
      "otherAdjustmentsToNetIncome": 0,
      "netIncome": 1184000000,
      "netIncomeDeductions": 0,
      "bottomLineNetIncome": 1184000000,
      "eps": 1.01,
      "epsDiluted": 1,
      "weightedAverageShsOut": 1174000000,
      "weightedAverageShsOutDil": 1186000000
    },
    {
      "date": "2021-03-31",
      "symbol": "PYPL",
      "reportedCurrency": "USD",
      "cik": "0001633917",
      "filingDate": "2021-05-06",
      "acceptedDate": "2021-05-05 18:59:31",
      "fiscalYear": "2021",
      "period": "Q1",
      "revenue": 6033000000,
      "costOfRevenue": 2548000000,
      "grossProfit": 3485000000,
      "researchAndDevelopmentExpenses": 741000000,
      "generalAndAdministrativeExpenses": 524000000,
      "sellingAndMarketingExpenses": 602000000,
      "sellingGeneralAndAdministrativeExpenses": 1126000000,
      "otherExpenses": 576000000,
      "operatingExpenses": 2443000000,
      "costAndExpenses": 4991000000,
      "netInterestIncome": -43000000,
      "interestIncome": 15000000,
      "interestExpense": 58000000,
      "depreciationAndAmortization": 300000000,
      "ebitda": 1230000000,
      "ebit": 930000000,
      "nonOperatingIncomeExcludingInterest": 112000000,
      "operatingIncome": 1042000000,
      "totalOtherIncomeExpensesNet": -170000000,
      "incomeBeforeTax": 872000000,
      "incomeTaxExpense": -225000000,
      "netIncomeFromContinuingOperations": 1097000000,
      "netIncomeFromDiscontinuedOperations": 0,
      "otherAdjustmentsToNetIncome": 0,
      "netIncome": 1097000000,
      "netIncomeDeductions": 0,
      "bottomLineNetIncome": 1097000000,
      "eps": 0.94,
      "epsDiluted": 0.92,
      "weightedAverageShsOut": 1173000000,
      "weightedAverageShsOutDil": 1190000000
    },
    {
      "date": "2020-12-31",
      "symbol": "PYPL",
      "reportedCurrency": "USD",
      "cik": "0001633917",
      "filingDate": "2021-02-05",
      "acceptedDate": "2021-02-04 19:30:14",
      "fiscalYear": "2020",
      "period": "Q4",
      "revenue": 6116000000,
      "costOfRevenue": 2696000000,
      "grossProfit": 3420000000,
      "researchAndDevelopmentExpenses": 732000000,
      "generalAndAdministrativeExpenses": 569000000,
      "sellingAndMarketingExpenses": 605000000,
      "sellingGeneralAndAdministrativeExpenses": 1174000000,
      "otherExpenses": 551000000,
      "operatingExpenses": 2457000000,
      "costAndExpenses": 5153000000,
      "netInterestIncome": -43000000,
      "interestIncome": 16000000,
      "interestExpense": 59000000,
      "depreciationAndAmortization": 301000000,
      "ebitda": 2219000000,
      "ebit": 1918000000,
      "nonOperatingIncomeExcludingInterest": -955000000,
      "operatingIncome": 963000000,
      "totalOtherIncomeExpensesNet": 896000000,
      "incomeBeforeTax": 1859000000,
      "incomeTaxExpense": 292000000,
      "netIncomeFromContinuingOperations": 1567000000,
      "netIncomeFromDiscontinuedOperations": 0,
      "otherAdjustmentsToNetIncome": 0,
      "netIncome": 1567000000,
      "netIncomeDeductions": 0,
      "bottomLineNetIncome": 1567000000,
      "eps": 1.34,
      "epsDiluted": 1.34,
      "weightedAverageShsOut": 1172000000,
      "weightedAverageShsOutDil": 1172000000
    },
    {
      "date": "2020-09-30",
      "symbol": "PYPL",
      "reportedCurrency": "USD",
      "cik": "0001633917",
      "filingDate": "2020-11-03",
      "acceptedDate": "2020-11-02 19:24:56",
      "fiscalYear": "2020",
      "period": "Q3",
      "revenue": 5459000000,
      "costOfRevenue": 2366000000,
      "grossProfit": 3093000000,
      "researchAndDevelopmentExpenses": 674000000,
      "generalAndAdministrativeExpenses": 503000000,
      "sellingAndMarketingExpenses": 471000000,
      "sellingGeneralAndAdministrativeExpenses": 974000000,
      "otherExpenses": 468000000,
      "operatingExpenses": 2116000000,
      "costAndExpenses": 4482000000,
      "netInterestIncome": -41000000,
      "interestIncome": 17000000,
      "interestExpense": 58000000,
      "depreciationAndAmortization": 298000000,
      "ebitda": 1500000000,
      "ebit": 1202000000,
      "nonOperatingIncomeExcludingInterest": -225000000,
      "operatingIncome": 977000000,
      "totalOtherIncomeExpensesNet": 167000000,
      "incomeBeforeTax": 1144000000,
      "incomeTaxExpense": 123000000,
      "netIncomeFromContinuingOperations": 1021000000,
      "netIncomeFromDiscontinuedOperations": 0,
      "otherAdjustmentsToNetIncome": 0,
      "netIncome": 1021000000,
      "netIncomeDeductions": 0,
      "bottomLineNetIncome": 1021000000,
      "eps": 0.87,
      "epsDiluted": 0.86,
      "weightedAverageShsOut": 1172000000,
      "weightedAverageShsOutDil": 1190000000
    },
    {
      "date": "2020-06-30",
      "symbol": "PYPL",
      "reportedCurrency": "USD",
      "cik": "0001633917",
      "filingDate": "2020-07-30",
      "acceptedDate": "2020-07-30 19:14:05",
      "fiscalYear": "2020",
      "period": "Q2",
      "revenue": 5261000000,
      "costOfRevenue": 2283000000,
      "grossProfit": 2978000000,
      "researchAndDevelopmentExpenses": 631000000,
      "generalAndAdministrativeExpenses": 512000000,
      "sellingAndMarketingExpenses": 414000000,
      "sellingGeneralAndAdministrativeExpenses": 926000000,
      "otherExpenses": 470000000,
      "operatingExpenses": 2027000000,
      "costAndExpenses": 4310000000,
      "netInterestIncome": -33000000,
      "interestIncome": 22000000,
      "interestExpense": 55000000,
      "depreciationAndAmortization": 297000000,
      "ebitda": 2151000000,
      "ebit": 1854000000,
      "nonOperatingIncomeExcludingInterest": -903000000,
      "operatingIncome": 951000000,
      "totalOtherIncomeExpensesNet": 848000000,
      "incomeBeforeTax": 1799000000,
      "incomeTaxExpense": 269000000,
      "netIncomeFromContinuingOperations": 1530000000,
      "netIncomeFromDiscontinuedOperations": 0,
      "otherAdjustmentsToNetIncome": 0,
      "netIncome": 1530000000,
      "netIncomeDeductions": 0,
      "bottomLineNetIncome": 1530000000,
      "eps": 1.3,
      "epsDiluted": 1.29,
      "weightedAverageShsOut": 1173000000,
      "weightedAverageShsOutDil": 1184000000
    },
    {
      "date": "2020-03-31",
      "symbol": "PYPL",
      "reportedCurrency": "USD",
      "cik": "0001633917",
      "filingDate": "2020-05-07",
      "acceptedDate": "2020-05-06 19:34:38",
      "fiscalYear": "2020",
      "period": "Q1",
      "revenue": 4618000000,
      "costOfRevenue": 2330000000,
      "grossProfit": 2288000000,
      "researchAndDevelopmentExpenses": 605000000,
      "generalAndAdministrativeExpenses": 486000000,
      "sellingAndMarketingExpenses": 371000000,
      "sellingGeneralAndAdministrativeExpenses": 857000000,
      "otherExpenses": 428000000,
      "operatingExpenses": 1890000000,
      "costAndExpenses": 4220000000,
      "netInterestIncome": -4000000,
      "interestIncome": 33000000,
      "interestExpense": 37000000,
      "depreciationAndAmortization": 293000000,
      "ebitda": 593000000,
      "ebit": 300000000,
      "nonOperatingIncomeExcludingInterest": 98000000,
      "operatingIncome": 398000000,
      "totalOtherIncomeExpensesNet": -135000000,
      "incomeBeforeTax": 263000000,
      "incomeTaxExpense": 179000000,
      "netIncomeFromContinuingOperations": 84000000,
      "netIncomeFromDiscontinuedOperations": 0,
      "otherAdjustmentsToNetIncome": 0,
      "netIncome": 84000000,
      "netIncomeDeductions": 0,
      "bottomLineNetIncome": 84000000,
      "eps": 0.07,
      "epsDiluted": 0.07,
      "weightedAverageShsOut": 1173000000,
      "weightedAverageShsOutDil": 1185000000
    },
    {
      "date": "2019-12-31",
      "symbol": "PYPL",
      "reportedCurrency": "USD",
      "cik": "0001633917",
      "filingDate": "2020-02-06",
      "acceptedDate": "2020-02-06 16:28:40",
      "fiscalYear": "2019",
      "period": "Q4",
      "revenue": 4961000000,
      "costOfRevenue": 2294000000,
      "grossProfit": 2667000000,
      "researchAndDevelopmentExpenses": 558000000,
      "generalAndAdministrativeExpenses": 472000000,
      "sellingAndMarketingExpenses": 400000000,
      "sellingGeneralAndAdministrativeExpenses": 872000000,
      "otherExpenses": 438000000,
      "operatingExpenses": 1868000000,
      "costAndExpenses": 4162000000,
      "netInterestIncome": 16000000,
      "interestIncome": 53000000,
      "interestExpense": 37000000,
      "depreciationAndAmortization": 227000000,
      "ebitda": 1118000000,
      "ebit": 891000000,
      "nonOperatingIncomeExcludingInterest": -92000000,
      "operatingIncome": 799000000,
      "totalOtherIncomeExpensesNet": 55000000,
      "incomeBeforeTax": 854000000,
      "incomeTaxExpense": 347000000,
      "netIncomeFromContinuingOperations": 507000000,
      "netIncomeFromDiscontinuedOperations": 0,
      "otherAdjustmentsToNetIncome": 0,
      "netIncome": 507000000,
      "netIncomeDeductions": 0,
      "bottomLineNetIncome": 507000000,
      "eps": 0.43,
      "epsDiluted": 0.43,
      "weightedAverageShsOut": 1174000000,
      "weightedAverageShsOutDil": 1187000000
    },
    {
      "date": "2019-09-30",
      "symbol": "PYPL",
      "reportedCurrency": "USD",
      "cik": "0001633917",
      "filingDate": "2019-10-24",
      "acceptedDate": "2019-10-24 18:55:45",
      "fiscalYear": "2019",
      "period": "Q3",
      "revenue": 4378000000,
      "costOfRevenue": 2041000000,
      "grossProfit": 2337000000,
      "researchAndDevelopmentExpenses": 533000000,
      "generalAndAdministrativeExpenses": 401000000,
      "sellingAndMarketingExpenses": 316000000,
      "sellingGeneralAndAdministrativeExpenses": 717000000,
      "otherExpenses": 390000000,
      "operatingExpenses": 1640000000,
      "costAndExpenses": 3681000000,
      "netInterestIncome": 18000000,
      "interestIncome": 47000000,
      "interestExpense": 29000000,
      "depreciationAndAmortization": 227000000,
      "ebitda": 740000000,
      "ebit": 513000000,
      "nonOperatingIncomeExcludingInterest": 184000000,
      "operatingIncome": 697000000,
      "totalOtherIncomeExpensesNet": -213000000,
      "incomeBeforeTax": 484000000,
      "incomeTaxExpense": 22000000,
      "netIncomeFromContinuingOperations": 462000000,
      "netIncomeFromDiscontinuedOperations": 0,
      "otherAdjustmentsToNetIncome": 0,
      "netIncome": 462000000,
      "netIncomeDeductions": 0,
      "bottomLineNetIncome": 462000000,
      "eps": 0.39,
      "epsDiluted": 0.39,
      "weightedAverageShsOut": 1175000000,
      "weightedAverageShsOutDil": 1188000000
    },
    {
      "date": "2019-06-30",
      "symbol": "PYPL",
      "reportedCurrency": "USD",
      "cik": "0001633917",
      "filingDate": "2019-07-25",
      "acceptedDate": "2019-07-25 16:36:25",
      "fiscalYear": "2019",
      "period": "Q2",
      "revenue": 4305000000,
      "costOfRevenue": 1945000000,
      "grossProfit": 2360000000,
      "researchAndDevelopmentExpenses": 483000000,
      "generalAndAdministrativeExpenses": 419000000,
      "sellingAndMarketingExpenses": 356000000,
      "sellingGeneralAndAdministrativeExpenses": 775000000,
      "otherExpenses": 397000000,
      "operatingExpenses": 1655000000,
      "costAndExpenses": 3600000000,
      "netInterestIncome": 21000000,
      "interestIncome": 48000000,
      "interestExpense": 27000000,
      "depreciationAndAmortization": 228000000,
      "ebitda": 1198000000,
      "ebit": 970000000,
      "nonOperatingIncomeExcludingInterest": -265000000,
      "operatingIncome": 705000000,
      "totalOtherIncomeExpensesNet": 238000000,
      "incomeBeforeTax": 943000000,
      "incomeTaxExpense": 120000000,
      "netIncomeFromContinuingOperations": 823000000,
      "netIncomeFromDiscontinuedOperations": 0,
      "otherAdjustmentsToNetIncome": 0,
      "netIncome": 823000000,
      "netIncomeDeductions": 0,
      "bottomLineNetIncome": 823000000,
      "eps": 0.7,
      "epsDiluted": 0.69,
      "weightedAverageShsOut": 1175000000,
      "weightedAverageShsOutDil": 1187000000
    },
    {
      "date": "2019-03-31",
      "symbol": "PYPL",
      "reportedCurrency": "USD",
      "cik": "0001633917",
      "filingDate": "2019-04-25",
      "acceptedDate": "2019-04-25 17:01:17",
      "fiscalYear": "2019",
      "period": "Q1",
      "revenue": 4128000000,
      "costOfRevenue": 1890000000,
      "grossProfit": 2238000000,
      "researchAndDevelopmentExpenses": 511000000,
      "generalAndAdministrativeExpenses": 419000000,
      "sellingAndMarketingExpenses": 329000000,
      "sellingGeneralAndAdministrativeExpenses": 748000000,
      "otherExpenses": 461000000,
      "operatingExpenses": 1720000000,
      "costAndExpenses": 3610000000,
      "netInterestIncome": 27000000,
      "interestIncome": 49000000,
      "interestExpense": 22000000,
      "depreciationAndAmortization": 230000000,
      "ebitda": 969000000,
      "ebit": 739000000,
      "nonOperatingIncomeExcludingInterest": -221000000,
      "operatingIncome": 518000000,
      "totalOtherIncomeExpensesNet": 199000000,
      "incomeBeforeTax": 717000000,
      "incomeTaxExpense": 50000000,
      "netIncomeFromContinuingOperations": 667000000,
      "netIncomeFromDiscontinuedOperations": 0,
      "otherAdjustmentsToNetIncome": 0,
      "netIncome": 667000000,
      "netIncomeDeductions": 0,
      "bottomLineNetIncome": 667000000,
      "eps": 0.57,
      "epsDiluted": 0.56,
      "weightedAverageShsOut": 1171000000,
      "weightedAverageShsOutDil": 1188000000
    },
    {
      "date": "2018-12-31",
      "symbol": "PYPL",
      "reportedCurrency": "USD",
      "cik": "0001633917",
      "filingDate": "2019-02-07",
      "acceptedDate": "2019-02-07 16:47:58",
      "fiscalYear": "2018",
      "period": "Q4",
      "revenue": 4226000000,
      "costOfRevenue": 1918000000,
      "grossProfit": 2308000000,
      "researchAndDevelopmentExpenses": 289000000,
      "generalAndAdministrativeExpenses": 390000000,
      "sellingAndMarketingExpenses": 389000000,
      "sellingGeneralAndAdministrativeExpenses": 779000000,
      "otherExpenses": 642000000,
      "operatingExpenses": 1710000000,
      "costAndExpenses": 3628000000,
      "netInterestIncome": 32000000,
      "interestIncome": 52000000,
      "interestExpense": 20000000,
      "depreciationAndAmortization": 223000000,
      "ebitda": 929000000,
      "ebit": 706000000,
      "nonOperatingIncomeExcludingInterest": -108000000,
      "operatingIncome": 598000000,
      "totalOtherIncomeExpensesNet": 88000000,
      "incomeBeforeTax": 686000000,
      "incomeTaxExpense": 102000000,
      "netIncomeFromContinuingOperations": 584000000,
      "netIncomeFromDiscontinuedOperations": 0,
      "otherAdjustmentsToNetIncome": 0,
      "netIncome": 584000000,
      "netIncomeDeductions": 0,
      "bottomLineNetIncome": 584000000,
      "eps": 0.5,
      "epsDiluted": 0.49,
      "weightedAverageShsOut": 1177000000,
      "weightedAverageShsOutDil": 1196000000
    },
    {
      "date": "2018-09-30",
      "symbol": "PYPL",
      "reportedCurrency": "USD",
      "cik": "0001633917",
      "filingDate": "2018-10-23",
      "acceptedDate": "2018-10-23 16:22:49",
      "fiscalYear": "2018",
      "period": "Q3",
      "revenue": 3683000000,
      "costOfRevenue": 1661000000,
      "grossProfit": 2022000000,
      "researchAndDevelopmentExpenses": 452000000,
      "generalAndAdministrativeExpenses": 377000000,
      "sellingAndMarketingExpenses": 325000000,
      "sellingGeneralAndAdministrativeExpenses": 702000000,
      "otherExpenses": 378000000,
      "operatingExpenses": 1532000000,
      "costAndExpenses": 3193000000,
      "netInterestIncome": 39000000,
      "interestIncome": 61000000,
      "interestExpense": 22000000,
      "depreciationAndAmortization": 188000000,
      "ebitda": 743000000,
      "ebit": 555000000,
      "nonOperatingIncomeExcludingInterest": -65000000,
      "operatingIncome": 490000000,
      "totalOtherIncomeExpensesNet": 43000000,
      "incomeBeforeTax": 533000000,
      "incomeTaxExpense": 97000000,
      "netIncomeFromContinuingOperations": 436000000,
      "netIncomeFromDiscontinuedOperations": 0,
      "otherAdjustmentsToNetIncome": 0,
      "netIncome": 436000000,
      "netIncomeDeductions": 0,
      "bottomLineNetIncome": 436000000,
      "eps": 0.37,
      "epsDiluted": 0.36,
      "weightedAverageShsOut": 1181000000,
      "weightedAverageShsOutDil": 1199000000
    },
    {
      "date": "2018-06-30",
      "symbol": "PYPL",
      "reportedCurrency": "USD",
      "cik": "0001633917",
      "filingDate": "2018-07-26",
      "acceptedDate": "2018-07-26 16:29:43",
      "fiscalYear": "2018",
      "period": "Q2",
      "revenue": 3857000000,
      "costOfRevenue": 1696000000,
      "grossProfit": 2161000000,
      "researchAndDevelopmentExpenses": 441000000,
      "generalAndAdministrativeExpenses": 387000000,
      "sellingAndMarketingExpenses": 307000000,
      "sellingGeneralAndAdministrativeExpenses": 694000000,
      "otherExpenses": 454000000,
      "operatingExpenses": 1589000000,
      "costAndExpenses": 3285000000,
      "netInterestIncome": 8000000,
      "interestIncome": 27000000,
      "interestExpense": 19000000,
      "depreciationAndAmortization": 180000000,
      "ebitda": 808000000,
      "ebit": 628000000,
      "nonOperatingIncomeExcludingInterest": -56000000,
      "operatingIncome": 572000000,
      "totalOtherIncomeExpensesNet": 37000000,
      "incomeBeforeTax": 609000000,
      "incomeTaxExpense": 83000000,
      "netIncomeFromContinuingOperations": 526000000,
      "netIncomeFromDiscontinuedOperations": 0,
      "otherAdjustmentsToNetIncome": 0,
      "netIncome": 526000000,
      "netIncomeDeductions": 0,
      "bottomLineNetIncome": 526000000,
      "eps": 0.44,
      "epsDiluted": 0.44,
      "weightedAverageShsOut": 1187000000,
      "weightedAverageShsOutDil": 1202000000
    },
    {
      "date": "2018-03-31",
      "symbol": "PYPL",
      "reportedCurrency": "USD",
      "cik": "0001633917",
      "filingDate": "2018-04-26",
      "acceptedDate": "2018-04-26 16:23:34",
      "fiscalYear": "2018",
      "period": "Q1",
      "revenue": 3685000000,
      "costOfRevenue": 1580000000,
      "grossProfit": 2105000000,
      "researchAndDevelopmentExpenses": 448000000,
      "generalAndAdministrativeExpenses": 347000000,
      "sellingAndMarketingExpenses": 281000000,
      "sellingGeneralAndAdministrativeExpenses": 628000000,
      "otherExpenses": 495000000,
      "operatingExpenses": 1571000000,
      "costAndExpenses": 3151000000,
      "netInterestIncome": 12000000,
      "interestIncome": 28000000,
      "interestExpense": 16000000,
      "depreciationAndAmortization": 185000000,
      "ebitda": 749000000,
      "ebit": 564000000,
      "nonOperatingIncomeExcludingInterest": -30000000,
      "operatingIncome": 534000000,
      "totalOtherIncomeExpensesNet": 14000000,
      "incomeBeforeTax": 548000000,
      "incomeTaxExpense": 37000000,
      "netIncomeFromContinuingOperations": 511000000,
      "netIncomeFromDiscontinuedOperations": 0,
      "otherAdjustmentsToNetIncome": 0,
      "netIncome": 511000000,
      "netIncomeDeductions": 0,
      "bottomLineNetIncome": 511000000,
      "eps": 0.43,
      "epsDiluted": 0.42,
      "weightedAverageShsOut": 1192000000,
      "weightedAverageShsOutDil": 1217000000
    },
    {
      "date": "2017-12-31",
      "symbol": "PYPL",
      "reportedCurrency": "USD",
      "cik": "0001633917",
      "filingDate": "2018-02-07",
      "acceptedDate": "2018-02-07 16:32:44",
      "fiscalYear": "2017",
      "period": "Q4",
      "revenue": 3744000000,
      "costOfRevenue": 1306000000,
      "grossProfit": 2438000000,
      "researchAndDevelopmentExpenses": 267000000,
      "generalAndAdministrativeExpenses": 315000000,
      "sellingAndMarketingExpenses": 328000000,
      "sellingGeneralAndAdministrativeExpenses": 643000000,
      "otherExpenses": 685000000,
      "operatingExpenses": 1595000000,
      "costAndExpenses": 2901000000,
      "netInterestIncome": 0,
      "interestIncome": 0,
      "interestExpense": 0,
      "depreciationAndAmortization": 227000000,
      "ebitda": 1162000000,
      "ebit": 935000000,
      "nonOperatingIncomeExcludingInterest": -92000000,
      "operatingIncome": 843000000,
      "totalOtherIncomeExpensesNet": 21000000,
      "incomeBeforeTax": 864000000,
      "incomeTaxExpense": 244000000,
      "netIncomeFromContinuingOperations": 620000000,
      "netIncomeFromDiscontinuedOperations": 0,
      "otherAdjustmentsToNetIncome": 0,
      "netIncome": 620000000,
      "netIncomeDeductions": 0,
      "bottomLineNetIncome": 620000000,
      "eps": 0.52,
      "epsDiluted": 0.5,
      "weightedAverageShsOut": 1203000000,
      "weightedAverageShsOutDil": 1228000000
    },
    {
      "date": "2017-09-30",
      "symbol": "PYPL",
      "reportedCurrency": "USD",
      "cik": "0001633917",
      "filingDate": "2017-10-24",
      "acceptedDate": "2017-10-24 16:46:18",
      "fiscalYear": "2017",
      "period": "Q3",
      "revenue": 3239000000,
      "costOfRevenue": 1465000000,
      "grossProfit": 1774000000,
      "researchAndDevelopmentExpenses": 240000000,
      "generalAndAdministrativeExpenses": 293000000,
      "sellingAndMarketingExpenses": 278000000,
      "sellingGeneralAndAdministrativeExpenses": 571000000,
      "otherExpenses": 540000000,
      "operatingExpenses": 1351000000,
      "costAndExpenses": 2816000000,
      "netInterestIncome": 22000000,
      "interestIncome": 23000000,
      "interestExpense": 1000000,
      "depreciationAndAmortization": 194000000,
      "ebitda": 646000000,
      "ebit": 452000000,
      "nonOperatingIncomeExcludingInterest": -29000000,
      "operatingIncome": 423000000,
      "totalOtherIncomeExpensesNet": 28000000,
      "incomeBeforeTax": 451000000,
      "incomeTaxExpense": 71000000,
      "netIncomeFromContinuingOperations": 380000000,
      "netIncomeFromDiscontinuedOperations": 0,
      "otherAdjustmentsToNetIncome": 0,
      "netIncome": 380000000,
      "netIncomeDeductions": 0,
      "bottomLineNetIncome": 380000000,
      "eps": 0.32,
      "epsDiluted": 0.31,
      "weightedAverageShsOut": 1202000000,
      "weightedAverageShsOutDil": 1223000000
    },
    {
      "date": "2017-06-30",
      "symbol": "PYPL",
      "reportedCurrency": "USD",
      "cik": "0001633917",
      "filingDate": "2017-07-27",
      "acceptedDate": "2017-07-27 16:47:23",
      "fiscalYear": "2017",
      "period": "Q2",
      "revenue": 3136000000,
      "costOfRevenue": 1372000000,
      "grossProfit": 1764000000,
      "researchAndDevelopmentExpenses": 232000000,
      "generalAndAdministrativeExpenses": 282000000,
      "sellingAndMarketingExpenses": 284000000,
      "sellingGeneralAndAdministrativeExpenses": 566000000,
      "otherExpenses": 536000000,
      "operatingExpenses": 1334000000,
      "costAndExpenses": 2706000000,
      "netInterestIncome": 0,
      "interestIncome": 0,
      "interestExpense": 0,
      "depreciationAndAmortization": 201000000,
      "ebitda": 631000000,
      "ebit": 430000000,
      "nonOperatingIncomeExcludingInterest": 0,
      "operatingIncome": 430000000,
      "totalOtherIncomeExpensesNet": 17000000,
      "incomeBeforeTax": 447000000,
      "incomeTaxExpense": 36000000,
      "netIncomeFromContinuingOperations": 411000000,
      "netIncomeFromDiscontinuedOperations": 0,
      "otherAdjustmentsToNetIncome": 0,
      "netIncome": 411000000,
      "netIncomeDeductions": 0,
      "bottomLineNetIncome": 411000000,
      "eps": 0.34,
      "epsDiluted": 0.34,
      "weightedAverageShsOut": 1202000000,
      "weightedAverageShsOutDil": 1215000000
    },
    {
      "date": "2017-03-31",
      "symbol": "PYPL",
      "reportedCurrency": "USD",
      "cik": "0001633917",
      "filingDate": "2017-04-27",
      "acceptedDate": "2017-04-27 16:41:14",
      "fiscalYear": "2017",
      "period": "Q1",
      "revenue": 2975000000,
      "costOfRevenue": 1287000000,
      "grossProfit": 1688000000,
      "researchAndDevelopmentExpenses": 214000000,
      "generalAndAdministrativeExpenses": 265000000,
      "sellingAndMarketingExpenses": 238000000,
      "sellingGeneralAndAdministrativeExpenses": 503000000,
      "otherExpenses": 540000000,
      "operatingExpenses": 1257000000,
      "costAndExpenses": 2544000000,
      "netInterestIncome": 0,
      "interestIncome": 0,
      "interestExpense": 0,
      "depreciationAndAmortization": 183000000,
      "ebitda": 654000000,
      "ebit": 471000000,
      "nonOperatingIncomeExcludingInterest": -40000000,
      "operatingIncome": 431000000,
      "totalOtherIncomeExpensesNet": 7000000,
      "incomeBeforeTax": 438000000,
      "incomeTaxExpense": 54000000,
      "netIncomeFromContinuingOperations": 384000000,
      "netIncomeFromDiscontinuedOperations": 0,
      "otherAdjustmentsToNetIncome": 0,
      "netIncome": 384000000,
      "netIncomeDeductions": 0,
      "bottomLineNetIncome": 384000000,
      "eps": 0.32,
      "epsDiluted": 0.32,
      "weightedAverageShsOut": 1203000000,
      "weightedAverageShsOutDil": 1216000000
    },
    {
      "date": "2016-12-31",
      "symbol": "PYPL",
      "reportedCurrency": "USD",
      "cik": "0001633917",
      "filingDate": "2017-02-08",
      "acceptedDate": "2017-02-08 16:35:30",
      "fiscalYear": "2016",
      "period": "Q4",
      "revenue": 2981000000,
      "costOfRevenue": 1261000000,
      "grossProfit": 1720000000,
      "researchAndDevelopmentExpenses": 215000000,
      "generalAndAdministrativeExpenses": 275000000,
      "sellingAndMarketingExpenses": 253000000,
      "sellingGeneralAndAdministrativeExpenses": 528000000,
      "otherExpenses": 517000000,
      "operatingExpenses": 1260000000,
      "costAndExpenses": 2521000000,
      "netInterestIncome": 0,
      "interestIncome": 0,
      "interestExpense": 0,
      "depreciationAndAmortization": 189000000,
      "ebitda": 649000000,
      "ebit": 460000000,
      "nonOperatingIncomeExcludingInterest": 0,
      "operatingIncome": 460000000,
      "totalOtherIncomeExpensesNet": 9000000,
      "incomeBeforeTax": 469000000,
      "incomeTaxExpense": 79000000,
      "netIncomeFromContinuingOperations": 390000000,
      "netIncomeFromDiscontinuedOperations": 0,
      "otherAdjustmentsToNetIncome": 0,
      "netIncome": 390000000,
      "netIncomeDeductions": 0,
      "bottomLineNetIncome": 390000000,
      "eps": 0.32,
      "epsDiluted": 0.32,
      "weightedAverageShsOut": 1207000000,
      "weightedAverageShsOutDil": 1216000000
    },
    {
      "date": "2016-09-30",
      "symbol": "PYPL",
      "reportedCurrency": "USD",
      "cik": "0001633917",
      "filingDate": "2016-10-25",
      "acceptedDate": "2016-10-25 16:22:20",
      "fiscalYear": "2016",
      "period": "Q3",
      "revenue": 2667000000,
      "costOfRevenue": 1101000000,
      "grossProfit": 1566000000,
      "researchAndDevelopmentExpenses": 215000000,
      "generalAndAdministrativeExpenses": 261000000,
      "sellingAndMarketingExpenses": 233000000,
      "sellingGeneralAndAdministrativeExpenses": 494000000,
      "otherExpenses": 509000000,
      "operatingExpenses": 1218000000,
      "costAndExpenses": 2319000000,
      "netInterestIncome": 0,
      "interestIncome": 0,
      "interestExpense": 0,
      "depreciationAndAmortization": 185000000,
      "ebitda": 533000000,
      "ebit": 348000000,
      "nonOperatingIncomeExcludingInterest": 0,
      "operatingIncome": 348000000,
      "totalOtherIncomeExpensesNet": 12000000,
      "incomeBeforeTax": 360000000,
      "incomeTaxExpense": 37000000,
      "netIncomeFromContinuingOperations": 323000000,
      "netIncomeFromDiscontinuedOperations": 0,
      "otherAdjustmentsToNetIncome": 0,
      "netIncome": 323000000,
      "netIncomeDeductions": 0,
      "bottomLineNetIncome": 323000000,
      "eps": 0.27,
      "epsDiluted": 0.27,
      "weightedAverageShsOut": 1207000000,
      "weightedAverageShsOutDil": 1214000000
    },
    {
      "date": "2016-06-30",
      "symbol": "PYPL",
      "reportedCurrency": "USD",
      "cik": "0001633917",
      "filingDate": "2016-07-26",
      "acceptedDate": "2016-07-26 16:40:26",
      "fiscalYear": "2016",
      "period": "Q2",
      "revenue": 2650000000,
      "costOfRevenue": 1065000000,
      "grossProfit": 1585000000,
      "researchAndDevelopmentExpenses": 209000000,
      "generalAndAdministrativeExpenses": 261000000,
      "sellingAndMarketingExpenses": 250000000,
      "sellingGeneralAndAdministrativeExpenses": 511000000,
      "otherExpenses": 494000000,
      "operatingExpenses": 1214000000,
      "costAndExpenses": 2279000000,
      "netInterestIncome": 0,
      "interestIncome": 0,
      "interestExpense": 0,
      "depreciationAndAmortization": 176000000,
      "ebitda": 547000000,
      "ebit": 371000000,
      "nonOperatingIncomeExcludingInterest": 0,
      "operatingIncome": 371000000,
      "totalOtherIncomeExpensesNet": 9000000,
      "incomeBeforeTax": 380000000,
      "incomeTaxExpense": 57000000,
      "netIncomeFromContinuingOperations": 323000000,
      "netIncomeFromDiscontinuedOperations": 0,
      "otherAdjustmentsToNetIncome": 0,
      "netIncome": 323000000,
      "netIncomeDeductions": 0,
      "bottomLineNetIncome": 323000000,
      "eps": 0.27,
      "epsDiluted": 0.27,
      "weightedAverageShsOut": 1210000000,
      "weightedAverageShsOutDil": 1215000000
    },
    {
      "date": "2016-03-31",
      "symbol": "PYPL",
      "reportedCurrency": "USD",
      "cik": "0001633917",
      "filingDate": "2016-04-28",
      "acceptedDate": "2016-04-28 16:45:32",
      "fiscalYear": "2016",
      "period": "Q1",
      "revenue": 2544000000,
      "costOfRevenue": 1007000000,
      "grossProfit": 1537000000,
      "researchAndDevelopmentExpenses": 195000000,
      "generalAndAdministrativeExpenses": 231000000,
      "sellingAndMarketingExpenses": 233000000,
      "sellingGeneralAndAdministrativeExpenses": 464000000,
      "otherExpenses": 471000000,
      "operatingExpenses": 1130000000,
      "costAndExpenses": 2137000000,
      "netInterestIncome": 0,
      "interestIncome": 0,
      "interestExpense": 0,
      "depreciationAndAmortization": 174000000,
      "ebitda": 582000000,
      "ebit": 407000000,
      "nonOperatingIncomeExcludingInterest": 0,
      "operatingIncome": 407000000,
      "totalOtherIncomeExpensesNet": 15000000,
      "incomeBeforeTax": 422000000,
      "incomeTaxExpense": 57000000,
      "netIncomeFromContinuingOperations": 365000000,
      "netIncomeFromDiscontinuedOperations": 0,
      "otherAdjustmentsToNetIncome": 0,
      "netIncome": 365000000,
      "netIncomeDeductions": 0,
      "bottomLineNetIncome": 365000000,
      "eps": 0.3,
      "epsDiluted": 0.3,
      "weightedAverageShsOut": 1216000000,
      "weightedAverageShsOutDil": 1225000000
    },
    {
      "date": "2015-12-31",
      "symbol": "PYPL",
      "reportedCurrency": "USD",
      "cik": "0001633917",
      "filingDate": "2016-02-11",
      "acceptedDate": "2016-02-11 16:44:06",
      "fiscalYear": "2015",
      "period": "Q4",
      "revenue": 2556000000,
      "costOfRevenue": 995000000,
      "grossProfit": 1561000000,
      "researchAndDevelopmentExpenses": 252000000,
      "generalAndAdministrativeExpenses": 146000000,
      "sellingAndMarketingExpenses": 269000000,
      "sellingGeneralAndAdministrativeExpenses": 415000000,
      "otherExpenses": 483000000,
      "operatingExpenses": 1150000000,
      "costAndExpenses": 2145000000,
      "netInterestIncome": 0,
      "interestIncome": 0,
      "interestExpense": 0,
      "depreciationAndAmortization": 164000000,
      "ebitda": 574000000,
      "ebit": 410000000,
      "nonOperatingIncomeExcludingInterest": 1000000,
      "operatingIncome": 411000000,
      "totalOtherIncomeExpensesNet": 7000000,
      "incomeBeforeTax": 418000000,
      "incomeTaxExpense": 51000000,
      "netIncomeFromContinuingOperations": 367000000,
      "netIncomeFromDiscontinuedOperations": 0,
      "otherAdjustmentsToNetIncome": 0,
      "netIncome": 367000000,
      "netIncomeDeductions": 0,
      "bottomLineNetIncome": 367000000,
      "eps": 0.3,
      "epsDiluted": 0.3,
      "weightedAverageShsOut": 1223000000,
      "weightedAverageShsOutDil": 1230000000
    },
    {
      "date": "2015-09-30",
      "symbol": "PYPL",
      "reportedCurrency": "USD",
      "cik": "0001633917",
      "filingDate": "2015-10-29",
      "acceptedDate": "2015-10-29 16:18:35",
      "fiscalYear": "2015",
      "period": "Q3",
      "revenue": 2258000000,
      "costOfRevenue": 852000000,
      "grossProfit": 1406000000,
      "researchAndDevelopmentExpenses": 197000000,
      "generalAndAdministrativeExpenses": 216000000,
      "sellingAndMarketingExpenses": 226000000,
      "sellingGeneralAndAdministrativeExpenses": 442000000,
      "otherExpenses": 437000000,
      "operatingExpenses": 1076000000,
      "costAndExpenses": 1928000000,
      "netInterestIncome": 0,
      "interestIncome": 0,
      "interestExpense": 0,
      "depreciationAndAmortization": 153000000,
      "ebitda": 483000000,
      "ebit": 330000000,
      "nonOperatingIncomeExcludingInterest": 0,
      "operatingIncome": 330000000,
      "totalOtherIncomeExpensesNet": 20000000,
      "incomeBeforeTax": 350000000,
      "incomeTaxExpense": 49000000,
      "netIncomeFromContinuingOperations": 301000000,
      "netIncomeFromDiscontinuedOperations": 0,
      "otherAdjustmentsToNetIncome": 0,
      "netIncome": 301000000,
      "netIncomeDeductions": 0,
      "bottomLineNetIncome": 301000000,
      "eps": 0.25,
      "epsDiluted": 0.25,
      "weightedAverageShsOut": 1221000000,
      "weightedAverageShsOutDil": 1227000000
    }
  ]
}