{
  "ticker": "SHOP",
  "endpoint": "income-statement",
  "fetched_at": "2025-09-05T14:21:32.027777",
  "data": [
    {
      "date": "2025-06-30",
      "symbol": "SHOP",
      "reportedCurrency": "USD",
      "cik": "0001594805",
      "filingDate": "2025-08-06",
      "acceptedDate": "2025-08-06 07:06:12",
      "fiscalYear": "2025",
      "period": "Q2",
      "revenue": 2680000000,
      "costOfRevenue": 1378000000,
      "grossProfit": 1302000000,
      "researchAndDevelopmentExpenses": 394000000,
      "generalAndAdministrativeExpenses": 122000000,
      "sellingAndMarketingExpenses": 415000000,
      "sellingGeneralAndAdministrativeExpenses": 537000000,
      "otherExpenses": 80000000,
      "operatingExpenses": 1011000000,
      "costAndExpenses": 2389000000,
      "netInterestIncome": 106000000,
      "interestIncome": 106000000,
      "interestExpense": 0,
      "depreciationAndAmortization": 8000000,
      "ebitda": 1087000000,
      "ebit": 1079000000,
      "nonOperatingIncomeExcludingInterest": -788000000,
      "operatingIncome": 291000000,
      "totalOtherIncomeExpensesNet": 788000000,
      "incomeBeforeTax": 1079000000,
      "incomeTaxExpense": 173000000,
      "netIncomeFromContinuingOperations": 906000000,
      "netIncomeFromDiscontinuedOperations": 0,
      "otherAdjustmentsToNetIncome": 0,
      "netIncome": 906000000,
      "netIncomeDeductions": 0,
      "bottomLineNetIncome": 906000000,
      "eps": 0.7,
      "epsDiluted": 0.69,
      "weightedAverageShsOut": 1297746050,
      "weightedAverageShsOutDil": 1308993838
    },
    {
      "date": "2025-03-31",
      "symbol": "SHOP",
      "reportedCurrency": "USD",
      "cik": "0001594805",
      "filingDate": "2025-05-08",
      "acceptedDate": "2025-05-08 07:02:29",
      "fiscalYear": "2025",
      "period": "Q1",
      "revenue": 2360000000,
      "costOfRevenue": 1191000000,
      "grossProfit": 1169000000,
      "researchAndDevelopmentExpenses": 377000000,
      "generalAndAdministrativeExpenses": 109000000,
      "sellingAndMarketingExpenses": 405000000,
      "sellingGeneralAndAdministrativeExpenses": 514000000,
      "otherExpenses": 75000000,
      "operatingExpenses": 966000000,
      "costAndExpenses": 2157000000,
      "netInterestIncome": 65000000,
      "interestIncome": 65000000,
      "interestExpense": 0,
      "depreciationAndAmortization": 8000000,
      "ebitda": 211000000,
      "ebit": 203000000,
      "nonOperatingIncomeExcludingInterest": 0,
      "operatingIncome": 203000000,
      "totalOtherIncomeExpensesNet": -973000000,
      "incomeBeforeTax": -770000000,
      "incomeTaxExpense": -88000000,
      "netIncomeFromContinuingOperations": -682000000,
      "netIncomeFromDiscontinuedOperations": 0,
      "otherAdjustmentsToNetIncome": 0,
      "netIncome": -682000000,
      "netIncomeDeductions": 0,
      "bottomLineNetIncome": -682000000,
      "eps": -0.53,
      "epsDiluted": -0.53,
      "weightedAverageShsOut": 1295377000,
      "weightedAverageShsOutDil": 1295377000
    },
    {
      "date": "2024-12-31",
      "symbol": "SHOP",
      "reportedCurrency": "USD",
      "cik": "0001594805",
      "filingDate": "2025-04-29",
      "acceptedDate": "2025-04-29 07:02:25",
      "fiscalYear": "2024",
      "period": "Q4",
      "revenue": 2812000000,
      "costOfRevenue": 1460000000,
      "grossProfit": 1352000000,
      "researchAndDevelopmentExpenses": 351000000,
      "generalAndAdministrativeExpenses": 112000000,
      "sellingAndMarketingExpenses": 348000000,
      "sellingGeneralAndAdministrativeExpenses": 460000000,
      "otherExpenses": 76000000,
      "operatingExpenses": 887000000,
      "costAndExpenses": 2347000000,
      "netInterestIncome": 72000000,
      "interestIncome": 72000000,
      "interestExpense": 0,
      "depreciationAndAmortization": 8000000,
      "ebitda": 473000000,
      "ebit": 465000000,
      "nonOperatingIncomeExcludingInterest": 0,
      "operatingIncome": 465000000,
      "totalOtherIncomeExpensesNet": 956000000,
      "incomeBeforeTax": 1421000000,
      "incomeTaxExpense": 128000000,
      "netIncomeFromContinuingOperations": 1293000000,
      "netIncomeFromDiscontinuedOperations": 0,
      "otherAdjustmentsToNetIncome": 0,
      "netIncome": 1293000000,
      "netIncomeDeductions": 0,
      "bottomLineNetIncome": 1293000000,
      "eps": 1,
      "epsDiluted": 1,
      "weightedAverageShsOut": 1294580000,
      "weightedAverageShsOutDil": 1294580000
    },
    {
      "date": "2024-09-30",
      "symbol": "SHOP",
      "reportedCurrency": "USD",
      "cik": "0001594805",
      "filingDate": "2024-11-12",
      "acceptedDate": "2024-11-12 07:05:55",
      "fiscalYear": "2024",
      "period": "Q3",
      "revenue": 2162000000,
      "costOfRevenue": 1044000000,
      "grossProfit": 1118000000,
      "researchAndDevelopmentExpenses": 332000000,
      "generalAndAdministrativeExpenses": 114000000,
      "sellingAndMarketingExpenses": 331000000,
      "sellingGeneralAndAdministrativeExpenses": 445000000,
      "otherExpenses": 58000000,
      "operatingExpenses": 835000000,
      "costAndExpenses": 1879000000,
      "netInterestIncome": 77000000,
      "interestIncome": 77000000,
      "interestExpense": 0,
      "depreciationAndAmortization": 8000000,
      "ebitda": 291000000,
      "ebit": 283000000,
      "nonOperatingIncomeExcludingInterest": 0,
      "operatingIncome": 283000000,
      "totalOtherIncomeExpensesNet": 577000000,
      "incomeBeforeTax": 860000000,
      "incomeTaxExpense": 32000000,
      "netIncomeFromContinuingOperations": 828000000,
      "netIncomeFromDiscontinuedOperations": 0,
      "otherAdjustmentsToNetIncome": 0,
      "netIncome": 828000000,
      "netIncomeDeductions": 0,
      "bottomLineNetIncome": 828000000,
      "eps": 0.64,
      "epsDiluted": 0.64,
      "weightedAverageShsOut": 1290585000,
      "weightedAverageShsOutDil": 1301601000
    },
    {
      "date": "2024-06-30",
      "symbol": "SHOP",
      "reportedCurrency": "USD",
      "cik": "0001594805",
      "filingDate": "2024-08-07",
      "acceptedDate": "2024-08-07 07:05:45",
      "fiscalYear": "2024",
      "period": "Q2",
      "revenue": 2045000000,
      "costOfRevenue": 1000000000,
      "grossProfit": 1045000000,
      "researchAndDevelopmentExpenses": 349000000,
      "generalAndAdministrativeExpenses": 60000000,
      "sellingAndMarketingExpenses": 353000000,
      "sellingGeneralAndAdministrativeExpenses": 413000000,
      "otherExpenses": 42000000,
      "operatingExpenses": 804000000,
      "costAndExpenses": 1804000000,
      "netInterestIncome": 80000000,
      "interestIncome": 80000000,
      "interestExpense": 0,
      "depreciationAndAmortization": 10000000,
      "ebitda": 251000000,
      "ebit": 241000000,
      "nonOperatingIncomeExcludingInterest": 0,
      "operatingIncome": 241000000,
      "totalOtherIncomeExpensesNet": -38000000,
      "incomeBeforeTax": 203000000,
      "incomeTaxExpense": 32000000,
      "netIncomeFromContinuingOperations": 171000000,
      "netIncomeFromDiscontinuedOperations": 0,
      "otherAdjustmentsToNetIncome": 0,
      "netIncome": 171000000,
      "netIncomeDeductions": 0,
      "bottomLineNetIncome": 171000000,
      "eps": 0.13,
      "epsDiluted": 0.13,
      "weightedAverageShsOut": 1288900000,
      "weightedAverageShsOutDil": 1299913000
    },
    {
      "date": "2024-03-31",
      "symbol": "SHOP",
      "reportedCurrency": "USD",
      "cik": "0001594805",
      "filingDate": "2024-05-08",
      "acceptedDate": "2024-05-08 07:05:10",
      "fiscalYear": "2024",
      "period": "Q1",
      "revenue": 1861000000,
      "costOfRevenue": 904000000,
      "grossProfit": 957000000,
      "researchAndDevelopmentExpenses": 335000000,
      "generalAndAdministrativeExpenses": 124000000,
      "sellingAndMarketingExpenses": 361000000,
      "sellingGeneralAndAdministrativeExpenses": 485000000,
      "otherExpenses": 51000000,
      "operatingExpenses": 871000000,
      "costAndExpenses": 1775000000,
      "netInterestIncome": 79000000,
      "interestIncome": 79000000,
      "interestExpense": 0,
      "depreciationAndAmortization": 10000000,
      "ebitda": 96000000,
      "ebit": 86000000,
      "nonOperatingIncomeExcludingInterest": 0,
      "operatingIncome": 86000000,
      "totalOtherIncomeExpensesNet": -342000000,
      "incomeBeforeTax": -256000000,
      "incomeTaxExpense": 17000000,
      "netIncomeFromContinuingOperations": -273000000,
      "netIncomeFromDiscontinuedOperations": 0,
      "otherAdjustmentsToNetIncome": 0,
      "netIncome": -273000000,
      "netIncomeDeductions": 0,
      "bottomLineNetIncome": -273000000,
      "eps": -0.21,
      "epsDiluted": -0.21,
      "weightedAverageShsOut": 1287377000,
      "weightedAverageShsOutDil": 1287377000
    },
    {
      "date": "2023-12-31",
      "symbol": "SHOP",
      "reportedCurrency": "USD",
      "cik": "0001594805",
      "filingDate": "2024-02-13",
      "acceptedDate": "2024-02-13 07:07:18",
      "fiscalYear": "2023",
      "period": "Q4",
      "revenue": 2144000000,
      "costOfRevenue": 1082000000,
      "grossProfit": 1062000000,
      "researchAndDevelopmentExpenses": 311000000,
      "generalAndAdministrativeExpenses": 100000000,
      "sellingAndMarketingExpenses": 317000000,
      "sellingGeneralAndAdministrativeExpenses": 417000000,
      "otherExpenses": 45000000,
      "operatingExpenses": 773000000,
      "costAndExpenses": 1855000000,
      "netInterestIncome": 68000000,
      "interestIncome": 68000000,
      "interestExpense": 0,
      "depreciationAndAmortization": 10000000,
      "ebitda": 299000000,
      "ebit": 289000000,
      "nonOperatingIncomeExcludingInterest": 0,
      "operatingIncome": 289000000,
      "totalOtherIncomeExpensesNet": 393000000,
      "incomeBeforeTax": 682000000,
      "incomeTaxExpense": 25000000,
      "netIncomeFromContinuingOperations": 657000000,
      "netIncomeFromDiscontinuedOperations": 0,
      "otherAdjustmentsToNetIncome": 0,
      "netIncome": 657000000,
      "netIncomeDeductions": -1000000,
      "bottomLineNetIncome": 658000000,
      "eps": 0.51,
      "epsDiluted": 0.51,
      "weightedAverageShsOut": 1285499000,
      "weightedAverageShsOutDil": 1297296000
    },
    {
      "date": "2023-09-30",
      "symbol": "SHOP",
      "reportedCurrency": "USD",
      "cik": "0001594805",
      "filingDate": "2023-11-02",
      "acceptedDate": "2023-11-02 07:06:21",
      "fiscalYear": "2023",
      "period": "Q3",
      "revenue": 1714000000,
      "costOfRevenue": 813000000,
      "grossProfit": 901000000,
      "researchAndDevelopmentExpenses": 313000000,
      "generalAndAdministrativeExpenses": 137000000,
      "sellingAndMarketingExpenses": 295000000,
      "sellingGeneralAndAdministrativeExpenses": 432000000,
      "otherExpenses": 34000000,
      "operatingExpenses": 779000000,
      "costAndExpenses": 1592000000,
      "netInterestIncome": 63000000,
      "interestIncome": 63000000,
      "interestExpense": 0,
      "depreciationAndAmortization": 13000000,
      "ebitda": 135000000,
      "ebit": 122000000,
      "nonOperatingIncomeExcludingInterest": 0,
      "operatingIncome": 122000000,
      "totalOtherIncomeExpensesNet": 606000000,
      "incomeBeforeTax": 728000000,
      "incomeTaxExpense": 10000000,
      "netIncomeFromContinuingOperations": 718000000,
      "netIncomeFromDiscontinuedOperations": 0,
      "otherAdjustmentsToNetIncome": 0,
      "netIncome": 718000000,
      "netIncomeDeductions": 0,
      "bottomLineNetIncome": 718000000,
      "eps": 0.56,
      "epsDiluted": 0.55,
      "weightedAverageShsOut": 1283329000,
      "weightedAverageShsOutDil": 1295830000
    },
    {
      "date": "2023-06-30",
      "symbol": "SHOP",
      "reportedCurrency": "USD",
      "cik": "0001594805",
      "filingDate": "2023-08-03",
      "acceptedDate": "2023-08-03 07:05:51",
      "fiscalYear": "2023",
      "period": "Q2",
      "revenue": 1694000000,
      "costOfRevenue": 859000000,
      "grossProfit": 835000000,
      "researchAndDevelopmentExpenses": 648000000,
      "generalAndAdministrativeExpenses": 131000000,
      "sellingAndMarketingExpenses": 321000000,
      "sellingGeneralAndAdministrativeExpenses": 452000000,
      "otherExpenses": 1371000000,
      "operatingExpenses": 2471000000,
      "costAndExpenses": 3330000000,
      "netInterestIncome": 58000000,
      "interestIncome": 58000000,
      "interestExpense": 0,
      "depreciationAndAmortization": 17000000,
      "ebitda": -279000000,
      "ebit": -296000000,
      "nonOperatingIncomeExcludingInterest": -1340000000,
      "operatingIncome": -1636000000,
      "totalOtherIncomeExpensesNet": 335000000,
      "incomeBeforeTax": -1301000000,
      "incomeTaxExpense": 10000000,
      "netIncomeFromContinuingOperations": -1311000000,
      "netIncomeFromDiscontinuedOperations": 0,
      "otherAdjustmentsToNetIncome": 0,
      "netIncome": -1311000000,
      "netIncomeDeductions": 0,
      "bottomLineNetIncome": -1311000000,
      "eps": -1.02,
      "epsDiluted": -1.02,
      "weightedAverageShsOut": 1280408000,
      "weightedAverageShsOutDil": 1280408000
    },
    {
      "date": "2023-03-31",
      "symbol": "SHOP",
      "reportedCurrency": "USD",
      "cik": "0001594805",
      "filingDate": "2023-05-04",
      "acceptedDate": "2023-05-04 07:09:18",
      "fiscalYear": "2023",
      "period": "Q1",
      "revenue": 1508000000,
      "costOfRevenue": 791000000,
      "grossProfit": 717000000,
      "researchAndDevelopmentExpenses": 458000000,
      "generalAndAdministrativeExpenses": 123000000,
      "sellingAndMarketingExpenses": 287000000,
      "sellingGeneralAndAdministrativeExpenses": 410000000,
      "otherExpenses": 42000000,
      "operatingExpenses": 910000000,
      "costAndExpenses": 1701000000,
      "netInterestIncome": 52000000,
      "interestIncome": 52000000,
      "interestExpense": 0,
      "depreciationAndAmortization": 30000000,
      "ebitda": -163000000,
      "ebit": -193000000,
      "nonOperatingIncomeExcludingInterest": 0,
      "operatingIncome": -193000000,
      "totalOtherIncomeExpensesNet": 269000000,
      "incomeBeforeTax": 76000000,
      "incomeTaxExpense": 8000000,
      "netIncomeFromContinuingOperations": 68000000,
      "netIncomeFromDiscontinuedOperations": 0,
      "otherAdjustmentsToNetIncome": 0,
      "netIncome": 68000000,
      "netIncomeDeductions": 0,
      "bottomLineNetIncome": 68000000,
      "eps": 0.0532,
      "epsDiluted": 0.0526,
      "weightedAverageShsOut": 1276885000,
      "weightedAverageShsOutDil": 1291682000
    },
    {
      "date": "2022-12-31",
      "symbol": "SHOP",
      "reportedCurrency": "USD",
      "cik": "0001594805",
      "filingDate": "2023-02-15",
      "acceptedDate": "2023-02-15 16:17:35",
      "fiscalYear": "2022",
      "period": "Q4",
      "revenue": 1734978000,
      "costOfRevenue": 936470000,
      "grossProfit": 798508000,
      "researchAndDevelopmentExpenses": 440547000,
      "generalAndAdministrativeExpenses": 214651000,
      "sellingAndMarketingExpenses": 297741000,
      "sellingGeneralAndAdministrativeExpenses": 512392000,
      "otherExpenses": 34318000,
      "operatingExpenses": 987257000,
      "costAndExpenses": 1923727000,
      "netInterestIncome": 38684000,
      "interestIncome": 39563000,
      "interestExpense": 880327,
      "depreciationAndAmortization": 29822000,
      "ebitda": -584495000,
      "ebit": -614317000,
      "nonOperatingIncomeExcludingInterest": 425568000,
      "operatingIncome": -188749000,
      "totalOtherIncomeExpensesNet": -425859000,
      "incomeBeforeTax": -614608000,
      "incomeTaxExpense": 9086000,
      "netIncomeFromContinuingOperations": -623694000,
      "netIncomeFromDiscontinuedOperations": 0,
      "otherAdjustmentsToNetIncome": 0,
      "netIncome": -623694000,
      "netIncomeDeductions": 0,
      "bottomLineNetIncome": -623694000,
      "eps": -0.49,
      "epsDiluted": -0.49,
      "weightedAverageShsOut": 1273339000,
      "weightedAverageShsOutDil": 1273339000
    },
    {
      "date": "2022-09-30",
      "symbol": "SHOP",
      "reportedCurrency": "USD",
      "cik": "0001594805",
      "filingDate": "2022-10-27",
      "acceptedDate": "2022-10-27 07:06:52",
      "fiscalYear": "2022",
      "period": "Q3",
      "revenue": 1366000000,
      "costOfRevenue": 704000000,
      "grossProfit": 662000000,
      "researchAndDevelopmentExpenses": 412000000,
      "generalAndAdministrativeExpenses": 255000000,
      "sellingAndMarketingExpenses": 302000000,
      "sellingGeneralAndAdministrativeExpenses": 557000000,
      "otherExpenses": 39000000,
      "operatingExpenses": 1008000000,
      "costAndExpenses": 1712000000,
      "netInterestIncome": 18882955,
      "interestIncome": 19710683,
      "interestExpense": 827727,
      "depreciationAndAmortization": 29000000,
      "ebitda": -317000000,
      "ebit": -346000000,
      "nonOperatingIncomeExcludingInterest": 0,
      "operatingIncome": -346000000,
      "totalOtherIncomeExpensesNet": 188000000,
      "incomeBeforeTax": -158000000,
      "incomeTaxExpense": 1000000,
      "netIncomeFromContinuingOperations": -159000000,
      "netIncomeFromDiscontinuedOperations": 0,
      "otherAdjustmentsToNetIncome": 0,
      "netIncome": -159000000,
      "netIncomeDeductions": 0,
      "bottomLineNetIncome": -159000000,
      "eps": -0.12,
      "epsDiluted": -0.12,
      "weightedAverageShsOut": 1269425000,
      "weightedAverageShsOutDil": 1269425000
    },
    {
      "date": "2022-06-30",
      "symbol": "SHOP",
      "reportedCurrency": "USD",
      "cik": "0001594805",
      "filingDate": "2022-06-30",
      "acceptedDate": "2022-06-30 00:00:00",
      "fiscalYear": "2022",
      "period": "Q2",
      "revenue": 1295000000,
      "costOfRevenue": 639000000,
      "grossProfit": 656000000,
      "researchAndDevelopmentExpenses": 347000000,
      "generalAndAdministrativeExpenses": 130000000,
      "sellingAndMarketingExpenses": 327000000,
      "sellingGeneralAndAdministrativeExpenses": 457000000,
      "otherExpenses": 42000000,
      "operatingExpenses": 846000000,
      "costAndExpenses": 1485000000,
      "netInterestIncome": 11536868,
      "interestIncome": 12398465,
      "interestExpense": 861596,
      "depreciationAndAmortization": 16000000,
      "ebitda": -174000000,
      "ebit": -190000000,
      "nonOperatingIncomeExcludingInterest": 0,
      "operatingIncome": -190000000,
      "totalOtherIncomeExpensesNet": -1008000000,
      "incomeBeforeTax": -1198000000,
      "incomeTaxExpense": 6000000,
      "netIncomeFromContinuingOperations": -1204000000,
      "netIncomeFromDiscontinuedOperations": 0,
      "otherAdjustmentsToNetIncome": 0,
      "netIncome": -1204000000,
      "netIncomeDeductions": 0,
      "bottomLineNetIncome": -1204000000,
      "eps": -0.95,
      "epsDiluted": -0.95,
      "weightedAverageShsOut": 1262012000,
      "weightedAverageShsOutDil": 1262012000
    },
    {
      "date": "2022-03-31",
      "symbol": "SHOP",
      "reportedCurrency": "USD",
      "cik": "0001594805",
      "filingDate": "2022-05-05",
      "acceptedDate": "2022-05-05 07:23:32",
      "fiscalYear": "2022",
      "period": "Q1",
      "revenue": 1204000000,
      "costOfRevenue": 566000000,
      "grossProfit": 638000000,
      "researchAndDevelopmentExpenses": 304000000,
      "generalAndAdministrativeExpenses": 109000000,
      "sellingAndMarketingExpenses": 303000000,
      "sellingGeneralAndAdministrativeExpenses": 412000000,
      "otherExpenses": 20000000,
      "operatingExpenses": 736000000,
      "costAndExpenses": 1302000000,
      "netInterestIncome": 5380277,
      "interestIncome": 6265011,
      "interestExpense": 884734,
      "depreciationAndAmortization": 17000000,
      "ebitda": -81000000,
      "ebit": -98000000,
      "nonOperatingIncomeExcludingInterest": 0,
      "operatingIncome": -98000000,
      "totalOtherIncomeExpensesNet": -1555000000,
      "incomeBeforeTax": -1653000000,
      "incomeTaxExpense": -179000000,
      "netIncomeFromContinuingOperations": -1474000000,
      "netIncomeFromDiscontinuedOperations": 0,
      "otherAdjustmentsToNetIncome": 0,
      "netIncome": -1474000000,
      "netIncomeDeductions": 0,
      "bottomLineNetIncome": -1474000000,
      "eps": -1.17,
      "epsDiluted": -1.17,
      "weightedAverageShsOut": 1260131000,
      "weightedAverageShsOutDil": 1260131000
    },
    {
      "date": "2021-12-31",
      "symbol": "SHOP",
      "reportedCurrency": "USD",
      "cik": "0001594805",
      "filingDate": "2022-02-16",
      "acceptedDate": "2022-02-16 07:22:11",
      "fiscalYear": "2021",
      "period": "Q4",
      "revenue": 1380024000,
      "costOfRevenue": 687365000,
      "grossProfit": 692659000,
      "researchAndDevelopmentExpenses": 273912000,
      "generalAndAdministrativeExpenses": 101054000,
      "sellingAndMarketingExpenses": 275475000,
      "sellingGeneralAndAdministrativeExpenses": 376529000,
      "otherExpenses": 27814000,
      "operatingExpenses": 678255000,
      "costAndExpenses": 1365620000,
      "netInterestIncome": 4040000,
      "interestIncome": 4918000,
      "interestExpense": 875043,
      "depreciationAndAmortization": 22241000,
      "ebitda": -467943000,
      "ebit": -490184000,
      "nonOperatingIncomeExcludingInterest": 504588000,
      "operatingIncome": 14404000,
      "totalOtherIncomeExpensesNet": -503123000,
      "incomeBeforeTax": -488719000,
      "incomeTaxExpense": -117408000,
      "netIncomeFromContinuingOperations": -371311000,
      "netIncomeFromDiscontinuedOperations": 0,
      "otherAdjustmentsToNetIncome": 0,
      "netIncome": -371311000,
      "netIncomeDeductions": -645000,
      "bottomLineNetIncome": -370666000,
      "eps": -0.29,
      "epsDiluted": -0.3,
      "weightedAverageShsOut": 1257348000,
      "weightedAverageShsOutDil": 1257348000
    },
    {
      "date": "2021-09-30",
      "symbol": "SHOP",
      "reportedCurrency": "USD",
      "cik": "0001594805",
      "filingDate": "2021-10-28",
      "acceptedDate": "2021-10-28 07:08:34",
      "fiscalYear": "2021",
      "period": "Q3",
      "revenue": 1123740000,
      "costOfRevenue": 514831000,
      "grossProfit": 608909000,
      "researchAndDevelopmentExpenses": 221028000,
      "generalAndAdministrativeExpenses": 128722000,
      "sellingAndMarketingExpenses": 237949000,
      "sellingGeneralAndAdministrativeExpenses": 366671000,
      "otherExpenses": 25311000,
      "operatingExpenses": 613010000,
      "costAndExpenses": 1127841000,
      "netInterestIncome": 3644000,
      "interestIncome": 4516000,
      "interestExpense": 872000,
      "depreciationAndAmortization": 13604000,
      "ebitda": 1354343000,
      "ebit": 1340739000,
      "nonOperatingIncomeExcludingInterest": -1344840000,
      "operatingIncome": -4101000,
      "totalOtherIncomeExpensesNet": 1344553000,
      "incomeBeforeTax": 1340452000,
      "incomeTaxExpense": 192020000,
      "netIncomeFromContinuingOperations": 1148432000,
      "netIncomeFromDiscontinuedOperations": 0,
      "otherAdjustmentsToNetIncome": 0,
      "netIncome": 1148432000,
      "netIncomeDeductions": -641000,
      "bottomLineNetIncome": 1149073000,
      "eps": 0.92,
      "epsDiluted": 0.9,
      "weightedAverageShsOut": 1250715000,
      "weightedAverageShsOutDil": 1276192000
    },
    {
      "date": "2021-06-30",
      "symbol": "SHOP",
      "reportedCurrency": "USD",
      "cik": "0001594805",
      "filingDate": "2021-06-30",
      "acceptedDate": "2021-06-30 00:00:00",
      "fiscalYear": "2021",
      "period": "Q2",
      "revenue": 1119445000,
      "costOfRevenue": 498585000,
      "grossProfit": 620860000,
      "researchAndDevelopmentExpenses": 183557000,
      "generalAndAdministrativeExpenses": 77966000,
      "sellingAndMarketingExpenses": 201910000,
      "sellingGeneralAndAdministrativeExpenses": 279876000,
      "otherExpenses": 17986000,
      "operatingExpenses": 481419000,
      "costAndExpenses": 980004000,
      "netInterestIncome": 2222000,
      "interestIncome": 3092000,
      "interestExpense": 862619,
      "depreciationAndAmortization": 14663000,
      "ebitda": 934262000,
      "ebit": 919599000,
      "nonOperatingIncomeExcludingInterest": -780158000,
      "operatingIncome": 139441000,
      "totalOtherIncomeExpensesNet": 779874000,
      "incomeBeforeTax": 919315000,
      "incomeTaxExpense": 40222000,
      "netIncomeFromContinuingOperations": 879093000,
      "netIncomeFromDiscontinuedOperations": 0,
      "otherAdjustmentsToNetIncome": 0,
      "netIncome": 879093000,
      "netIncomeDeductions": -639000,
      "bottomLineNetIncome": 879732000,
      "eps": 0.71,
      "epsDiluted": 0.69,
      "weightedAverageShsOut": 1245475000,
      "weightedAverageShsOutDil": 1274751000
    },
    {
      "date": "2021-03-31",
      "symbol": "SHOP",
      "reportedCurrency": "USD",
      "cik": "0001594805",
      "filingDate": "2021-04-28",
      "acceptedDate": "2021-04-28 07:19:52",
      "fiscalYear": "2021",
      "period": "Q1",
      "revenue": 988647000,
      "costOfRevenue": 429931000,
      "grossProfit": 558716000,
      "researchAndDevelopmentExpenses": 175886000,
      "generalAndAdministrativeExpenses": 67102000,
      "sellingAndMarketingExpenses": 186223000,
      "sellingGeneralAndAdministrativeExpenses": 253325000,
      "otherExpenses": 10606000,
      "operatingExpenses": 439817000,
      "costAndExpenses": 869748000,
      "netInterestIncome": 1957000,
      "interestIncome": 2830000,
      "interestExpense": 873000,
      "depreciationAndAmortization": 15800000,
      "ebitda": 1385632000,
      "ebit": 1369832000,
      "nonOperatingIncomeExcludingInterest": -1250933000,
      "operatingIncome": 118899000,
      "totalOtherIncomeExpensesNet": 1250645000,
      "incomeBeforeTax": 1369544000,
      "incomeTaxExpense": 111099000,
      "netIncomeFromContinuingOperations": 1258445000,
      "netIncomeFromDiscontinuedOperations": 0,
      "otherAdjustmentsToNetIncome": 0,
      "netIncome": 1258445000,
      "netIncomeDeductions": 0,
      "bottomLineNetIncome": 1259087000,
      "eps": 1.02,
      "epsDiluted": 0.99,
      "weightedAverageShsOut": 1232437000,
      "weightedAverageShsOutDil": 1266744000
    },
    {
      "date": "2020-12-31",
      "symbol": "SHOP",
      "reportedCurrency": "USD",
      "cik": "0001594805",
      "filingDate": "2021-02-17",
      "acceptedDate": "2021-02-17 07:42:49",
      "fiscalYear": "2020",
      "period": "Q4",
      "revenue": 977744000,
      "costOfRevenue": 473356000,
      "grossProfit": 504388000,
      "researchAndDevelopmentExpenses": 164380185,
      "generalAndAdministrativeExpenses": 65395000,
      "sellingAndMarketingExpenses": 154728000,
      "sellingGeneralAndAdministrativeExpenses": 220123000,
      "otherExpenses": 6547000,
      "operatingExpenses": 391847000,
      "costAndExpenses": 865203000,
      "netInterestIncome": -4725390,
      "interestIncome": 3300613,
      "interestExpense": 8026004,
      "depreciationAndAmortization": 17893000,
      "ebitda": 134983000,
      "ebit": 117090000,
      "nonOperatingIncomeExcludingInterest": -4549000,
      "operatingIncome": 112541000,
      "totalOtherIncomeExpensesNet": -2788000,
      "incomeBeforeTax": 109753000,
      "incomeTaxExpense": -14119000,
      "netIncomeFromContinuingOperations": 123872000,
      "netIncomeFromDiscontinuedOperations": 0,
      "otherAdjustmentsToNetIncome": 0,
      "netIncome": 123872000,
      "netIncomeDeductions": 0,
      "bottomLineNetIncome": 123872000,
      "eps": 0.1,
      "epsDiluted": 0.0987,
      "weightedAverageShsOut": 1254549000,
      "weightedAverageShsOutDil": 1254549000
    },
    {
      "date": "2020-09-30",
      "symbol": "SHOP",
      "reportedCurrency": "USD",
      "cik": "0001594805",
      "filingDate": "2020-10-29",
      "acceptedDate": "2020-10-29 07:22:31",
      "fiscalYear": "2020",
      "period": "Q3",
      "revenue": 767405000,
      "costOfRevenue": 362257000,
      "grossProfit": 405148000,
      "researchAndDevelopmentExpenses": 143427000,
      "generalAndAdministrativeExpenses": 51799000,
      "sellingAndMarketingExpenses": 147608000,
      "sellingGeneralAndAdministrativeExpenses": 199407000,
      "otherExpenses": 11753000,
      "operatingExpenses": 354587000,
      "costAndExpenses": 716844000,
      "netInterestIncome": 2550000,
      "interestIncome": 3788000,
      "interestExpense": 1238000,
      "depreciationAndAmortization": 17870000,
      "ebitda": 204979000,
      "ebit": 187605000,
      "nonOperatingIncomeExcludingInterest": -137044000,
      "operatingIncome": 50561000,
      "totalOtherIncomeExpensesNet": 135806000,
      "incomeBeforeTax": 186367000,
      "incomeTaxExpense": -4701000,
      "netIncomeFromContinuingOperations": 191068000,
      "netIncomeFromDiscontinuedOperations": 0,
      "otherAdjustmentsToNetIncome": 0,
      "netIncome": 191068000,
      "netIncomeDeductions": 0,
      "bottomLineNetIncome": 190607000,
      "eps": 0.16,
      "epsDiluted": 0.15,
      "weightedAverageShsOut": 1205115000,
      "weightedAverageShsOutDil": 1249083000
    },
    {
      "date": "2020-06-30",
      "symbol": "SHOP",
      "reportedCurrency": "USD",
      "cik": "0001594805",
      "filingDate": "2020-06-30",
      "acceptedDate": "2020-06-30 00:00:00",
      "fiscalYear": "2020",
      "period": "Q2",
      "revenue": 714341000,
      "costOfRevenue": 339307000,
      "grossProfit": 375034000,
      "researchAndDevelopmentExpenses": 133227000,
      "generalAndAdministrativeExpenses": 83307000,
      "sellingAndMarketingExpenses": 144850000,
      "sellingGeneralAndAdministrativeExpenses": 228157000,
      "otherExpenses": 13366000,
      "operatingExpenses": 374750000,
      "costAndExpenses": 714057000,
      "netInterestIncome": 5952000,
      "interestIncome": 5952000,
      "interestExpense": 0,
      "depreciationAndAmortization": 19931000,
      "ebitda": 24299000,
      "ebit": 4368000,
      "nonOperatingIncomeExcludingInterest": -4084000,
      "operatingIncome": 284000,
      "totalOtherIncomeExpensesNet": 4084000,
      "incomeBeforeTax": 4368000,
      "incomeTaxExpense": -31630000,
      "netIncomeFromContinuingOperations": 35998000,
      "netIncomeFromDiscontinuedOperations": 0,
      "otherAdjustmentsToNetIncome": 0,
      "netIncome": 35998000,
      "netIncomeDeductions": 0,
      "bottomLineNetIncome": 35998000,
      "eps": 0.03,
      "epsDiluted": 0.0293,
      "weightedAverageShsOut": 1187406000,
      "weightedAverageShsOutDil": 1227500000
    },
    {
      "date": "2020-03-31",
      "symbol": "SHOP",
      "reportedCurrency": "USD",
      "cik": "0001594805",
      "filingDate": "2020-05-06",
      "acceptedDate": "2020-05-06 07:26:22",
      "fiscalYear": "2020",
      "period": "Q1",
      "revenue": 470001000,
      "costOfRevenue": 213051000,
      "grossProfit": 256950000,
      "researchAndDevelopmentExpenses": 116396000,
      "generalAndAdministrativeExpenses": 44842000,
      "sellingAndMarketingExpenses": 154862000,
      "sellingGeneralAndAdministrativeExpenses": 199704000,
      "otherExpenses": 14083000,
      "operatingExpenses": 330183000,
      "costAndExpenses": 543234000,
      "netInterestIncome": 10467000,
      "interestIncome": 10467000,
      "interestExpense": 0,
      "depreciationAndAmortization": 14366000,
      "ebitda": -45758000,
      "ebit": -60124000,
      "nonOperatingIncomeExcludingInterest": -13109000,
      "operatingIncome": -73233000,
      "totalOtherIncomeExpensesNet": 13109000,
      "incomeBeforeTax": -60124000,
      "incomeTaxExpense": -28695000,
      "netIncomeFromContinuingOperations": -31429000,
      "netIncomeFromDiscontinuedOperations": 0,
      "otherAdjustmentsToNetIncome": 0,
      "netIncome": -31429000,
      "netIncomeDeductions": 0,
      "bottomLineNetIncome": -31429000,
      "eps": -0.027,
      "epsDiluted": -0.0269,
      "weightedAverageShsOut": 1164080000,
      "weightedAverageShsOutDil": 1168065000
    },
    {
      "date": "2019-12-31",
      "symbol": "SHOP",
      "reportedCurrency": "USD",
      "cik": "0001594805",
      "filingDate": "2020-02-12",
      "acceptedDate": "2020-02-12 07:50:11",
      "fiscalYear": "2019",
      "period": "Q4",
      "revenue": 505160000,
      "costOfRevenue": 241269000,
      "grossProfit": 263891000,
      "researchAndDevelopmentExpenses": 102753000,
      "generalAndAdministrativeExpenses": 59154000,
      "sellingAndMarketingExpenses": 132063000,
      "sellingGeneralAndAdministrativeExpenses": 191217000,
      "otherExpenses": 0,
      "operatingExpenses": 293970000,
      "costAndExpenses": 535239000,
      "netInterestIncome": 12286000,
      "interestIncome": 12286000,
      "interestExpense": 0,
      "depreciationAndAmortization": 5237000,
      "ebitda": -17378000,
      "ebit": -30079000,
      "nonOperatingIncomeExcludingInterest": 0,
      "operatingIncome": -30079000,
      "totalOtherIncomeExpensesNet": 11539000,
      "incomeBeforeTax": -18540000,
      "incomeTaxExpense": -19311000,
      "netIncomeFromContinuingOperations": 771000,
      "netIncomeFromDiscontinuedOperations": 0,
      "otherAdjustmentsToNetIncome": 0,
      "netIncome": 771000,
      "netIncomeDeductions": 0,
      "bottomLineNetIncome": 771000,
      "eps": 0.0007,
      "epsDiluted": 0.0007,
      "weightedAverageShsOut": 1160272000,
      "weightedAverageShsOutDil": 1160272000
    },
    {
      "date": "2019-09-30",
      "symbol": "SHOP",
      "reportedCurrency": "USD",
      "cik": "0001594805",
      "filingDate": "2019-10-29",
      "acceptedDate": "2019-10-29 07:28:24",
      "fiscalYear": "2019",
      "period": "Q3",
      "revenue": 390552000,
      "costOfRevenue": 173856000,
      "grossProfit": 216696000,
      "researchAndDevelopmentExpenses": 90387000,
      "generalAndAdministrativeExpenses": 38022000,
      "sellingAndMarketingExpenses": 116546000,
      "sellingGeneralAndAdministrativeExpenses": 154568000,
      "otherExpenses": 7399000,
      "operatingExpenses": 252354000,
      "costAndExpenses": 426210000,
      "netInterestIncome": 11644000,
      "interestIncome": 11644000,
      "interestExpense": 0,
      "depreciationAndAmortization": 8743000,
      "ebitda": -15663000,
      "ebit": -24446000,
      "nonOperatingIncomeExcludingInterest": -11212000,
      "operatingIncome": -35658000,
      "totalOtherIncomeExpensesNet": 11212000,
      "incomeBeforeTax": -24446000,
      "incomeTaxExpense": 48338000,
      "netIncomeFromContinuingOperations": -72784000,
      "netIncomeFromDiscontinuedOperations": 0,
      "otherAdjustmentsToNetIncome": 0,
      "netIncome": -72784000,
      "netIncomeDeductions": 0,
      "bottomLineNetIncome": -72784000,
      "eps": -0.0644,
      "epsDiluted": -0.0644,
      "weightedAverageShsOut": 1130870000,
      "weightedAverageShsOutDil": 1130870000
    },
    {
      "date": "2019-06-30",
      "symbol": "SHOP",
      "reportedCurrency": "USD",
      "cik": "0001594805",
      "filingDate": "2019-06-30",
      "acceptedDate": "2019-06-30 00:00:00",
      "fiscalYear": "2019",
      "period": "Q2",
      "revenue": 361979000,
      "costOfRevenue": 157214000,
      "grossProfit": 204765000,
      "researchAndDevelopmentExpenses": 85520000,
      "generalAndAdministrativeExpenses": 39655000,
      "sellingAndMarketingExpenses": 119210000,
      "sellingGeneralAndAdministrativeExpenses": 158865000,
      "otherExpenses": 0,
      "operatingExpenses": 244385000,
      "costAndExpenses": 401599000,
      "netInterestIncome": 12174000,
      "interestIncome": 12174000,
      "interestExpense": 0,
      "depreciationAndAmortization": 7375000,
      "ebitda": -32245000,
      "ebit": -39620000,
      "nonOperatingIncomeExcludingInterest": 0,
      "operatingIncome": -39620000,
      "totalOtherIncomeExpensesNet": 6209000,
      "incomeBeforeTax": -28678000,
      "incomeTaxExpense": -10942000,
      "netIncomeFromContinuingOperations": -28678000,
      "netIncomeFromDiscontinuedOperations": 0,
      "otherAdjustmentsToNetIncome": 0,
      "netIncome": -28678000,
      "netIncomeDeductions": 0,
      "bottomLineNetIncome": -28678000,
      "eps": -0.026,
      "epsDiluted": -0.0256,
      "weightedAverageShsOut": 1103042000,
      "weightedAverageShsOutDil": 1120134000
    },
    {
      "date": "2019-03-31",
      "symbol": "SHOP",
      "reportedCurrency": "USD",
      "cik": "0001594805",
      "filingDate": "2019-04-30",
      "acceptedDate": "2019-04-30 07:12:29",
      "fiscalYear": "2019",
      "period": "Q1",
      "revenue": 320482000,
      "costOfRevenue": 140191000,
      "grossProfit": 180291000,
      "researchAndDevelopmentExpenses": 76355000,
      "generalAndAdministrativeExpenses": 30303000,
      "sellingAndMarketingExpenses": 105022000,
      "sellingGeneralAndAdministrativeExpenses": 135325000,
      "otherExpenses": 4401000,
      "operatingExpenses": 216081000,
      "costAndExpenses": 356272000,
      "netInterestIncome": 12078000,
      "interestIncome": 12078000,
      "interestExpense": 0,
      "depreciationAndAmortization": 6832000,
      "ebitda": -28958000,
      "ebit": -35790000,
      "nonOperatingIncomeExcludingInterest": 0,
      "operatingIncome": -35790000,
      "totalOtherIncomeExpensesNet": 11639000,
      "incomeBeforeTax": -24151000,
      "incomeTaxExpense": 0,
      "netIncomeFromContinuingOperations": -24151000,
      "netIncomeFromDiscontinuedOperations": 0,
      "otherAdjustmentsToNetIncome": 0,
      "netIncome": -24151000,
      "netIncomeDeductions": 0,
      "bottomLineNetIncome": -24151000,
      "eps": -0.0218,
      "epsDiluted": -0.0218,
      "weightedAverageShsOut": 1109213000,
      "weightedAverageShsOutDil": 1109213000
    },
    {
      "date": "2018-12-31",
      "symbol": "SHOP",
      "reportedCurrency": "USD",
      "cik": "0001594805",
      "filingDate": "2019-02-12",
      "acceptedDate": "2019-02-12 07:28:30",
      "fiscalYear": "2018",
      "period": "Q4",
      "revenue": 343862000,
      "costOfRevenue": 158119000,
      "grossProfit": 185743000,
      "researchAndDevelopmentExpenses": 67024000,
      "generalAndAdministrativeExpenses": 33014000,
      "sellingAndMarketingExpenses": 95163000,
      "sellingGeneralAndAdministrativeExpenses": 128177000,
      "otherExpenses": 0,
      "operatingExpenses": 195201000,
      "costAndExpenses": 353320000,
      "netInterestIncome": 0,
      "interestIncome": 0,
      "interestExpense": 0,
      "depreciationAndAmortization": 5848000,
      "ebitda": -3610000,
      "ebit": -9458000,
      "nonOperatingIncomeExcludingInterest": 0,
      "operatingIncome": -9458000,
      "totalOtherIncomeExpensesNet": 7944000,
      "incomeBeforeTax": -1514000,
      "incomeTaxExpense": 0,
      "netIncomeFromContinuingOperations": -1514000,
      "netIncomeFromDiscontinuedOperations": 0,
      "otherAdjustmentsToNetIncome": 0,
      "netIncome": -1514000,
      "netIncomeDeductions": 0,
      "bottomLineNetIncome": -1514000,
      "eps": -0.0014,
      "epsDiluted": -0.0014,
      "weightedAverageShsOut": 1077345000,
      "weightedAverageShsOutDil": 1077345000
    },
    {
      "date": "2018-09-30",
      "symbol": "SHOP",
      "reportedCurrency": "USD",
      "cik": "0001594805",
      "filingDate": "2018-10-25",
      "acceptedDate": "2018-10-25 07:21:58",
      "fiscalYear": "2018",
      "period": "Q3",
      "revenue": 270064000,
      "costOfRevenue": 120337000,
      "grossProfit": 149727000,
      "researchAndDevelopmentExpenses": 61629000,
      "generalAndAdministrativeExpenses": 27831000,
      "sellingAndMarketingExpenses": 91635000,
      "sellingGeneralAndAdministrativeExpenses": 119466000,
      "otherExpenses": 556000,
      "operatingExpenses": 181095000,
      "costAndExpenses": 301432000,
      "netInterestIncome": 8078000,
      "interestIncome": 8078000,
      "interestExpense": 0,
      "depreciationAndAmortization": 6196000,
      "ebitda": -25172000,
      "ebit": -31368000,
      "nonOperatingIncomeExcludingInterest": 0,
      "operatingIncome": -31368000,
      "totalOtherIncomeExpensesNet": 8184000,
      "incomeBeforeTax": -23184000,
      "incomeTaxExpense": 0,
      "netIncomeFromContinuingOperations": -23184000,
      "netIncomeFromDiscontinuedOperations": 0,
      "otherAdjustmentsToNetIncome": 0,
      "netIncome": -23184000,
      "netIncomeDeductions": 0,
      "bottomLineNetIncome": -23184000,
      "eps": -0.0217,
      "epsDiluted": -0.0217,
      "weightedAverageShsOut": 1066472000,
      "weightedAverageShsOutDil": 1066472000
    },
    {
      "date": "2018-06-30",
      "symbol": "SHOP",
      "reportedCurrency": "USD",
      "cik": "0001594805",
      "filingDate": "2018-06-30",
      "acceptedDate": "2018-06-30 00:00:00",
      "fiscalYear": "2018",
      "period": "Q2",
      "revenue": 244963000,
      "costOfRevenue": 108008000,
      "grossProfit": 136955000,
      "researchAndDevelopmentExpenses": 54305000,
      "generalAndAdministrativeExpenses": 25924000,
      "sellingAndMarketingExpenses": 87487000,
      "sellingGeneralAndAdministrativeExpenses": 113411000,
      "otherExpenses": 667000,
      "operatingExpenses": 167716000,
      "costAndExpenses": 275724000,
      "netInterestIncome": 7444000,
      "interestIncome": 7444000,
      "interestExpense": 0,
      "depreciationAndAmortization": 7426000,
      "ebitda": -23335000,
      "ebit": -30761000,
      "nonOperatingIncomeExcludingInterest": 0,
      "operatingIncome": -30761000,
      "totalOtherIncomeExpensesNet": 6808000,
      "incomeBeforeTax": -23953000,
      "incomeTaxExpense": 0,
      "netIncomeFromContinuingOperations": -23953000,
      "netIncomeFromDiscontinuedOperations": 0,
      "otherAdjustmentsToNetIncome": 0,
      "netIncome": -23953000,
      "netIncomeDeductions": 0,
      "bottomLineNetIncome": -23953000,
      "eps": -0.0226,
      "epsDiluted": -0.0226,
      "weightedAverageShsOut": 1059781000,
      "weightedAverageShsOutDil": 1059781000
    },
    {
      "date": "2018-03-31",
      "symbol": "SHOP",
      "reportedCurrency": "USD",
      "cik": "0001594805",
      "filingDate": "2018-05-01",
      "acceptedDate": "2018-05-01 07:27:36",
      "fiscalYear": "2018",
      "period": "Q1",
      "revenue": 214340000,
      "costOfRevenue": 90498000,
      "grossProfit": 123842000,
      "researchAndDevelopmentExpenses": 47716000,
      "generalAndAdministrativeExpenses": 20675000,
      "sellingAndMarketingExpenses": 75784000,
      "sellingGeneralAndAdministrativeExpenses": 96459000,
      "otherExpenses": 1076000,
      "operatingExpenses": 144175000,
      "costAndExpenses": 234673000,
      "netInterestIncome": 4649000,
      "interestIncome": 4649000,
      "interestExpense": 0,
      "depreciationAndAmortization": 7582000,
      "ebitda": -12751000,
      "ebit": -20333000,
      "nonOperatingIncomeExcludingInterest": 0,
      "operatingIncome": -20333000,
      "totalOtherIncomeExpensesNet": 4431000,
      "incomeBeforeTax": -15902000,
      "incomeTaxExpense": 0,
      "netIncomeFromContinuingOperations": -15902000,
      "netIncomeFromDiscontinuedOperations": 0,
      "otherAdjustmentsToNetIncome": 0,
      "netIncome": -15902000,
      "netIncomeDeductions": 0,
      "bottomLineNetIncome": -15902000,
      "eps": -0.0156,
      "epsDiluted": -0.0156,
      "weightedAverageShsOut": 1022566000,
      "weightedAverageShsOutDil": 1022566000
    },
    {
      "date": "2017-12-31",
      "symbol": "SHOP",
      "reportedCurrency": "USD",
      "cik": "0001594805",
      "filingDate": "2018-02-15",
      "acceptedDate": "2018-02-15 07:30:56",
      "fiscalYear": "2017",
      "period": "Q4",
      "revenue": 222814000,
      "costOfRevenue": 101669000,
      "grossProfit": 121145000,
      "researchAndDevelopmentExpenses": 40339000,
      "generalAndAdministrativeExpenses": 19745000,
      "sellingAndMarketingExpenses": 67174000,
      "sellingGeneralAndAdministrativeExpenses": 86919000,
      "otherExpenses": 0,
      "operatingExpenses": 127258000,
      "costAndExpenses": 228927000,
      "netInterestIncome": 0,
      "interestIncome": 0,
      "interestExpense": 0,
      "depreciationAndAmortization": 7758000,
      "ebitda": 1645000,
      "ebit": -6113000,
      "nonOperatingIncomeExcludingInterest": 0,
      "operatingIncome": -6113000,
      "totalOtherIncomeExpensesNet": 3126000,
      "incomeBeforeTax": -2987000,
      "incomeTaxExpense": 0,
      "netIncomeFromContinuingOperations": -2987000,
      "netIncomeFromDiscontinuedOperations": 0,
      "otherAdjustmentsToNetIncome": 0,
      "netIncome": -2987000,
      "netIncomeDeductions": 0,
      "bottomLineNetIncome": -2987000,
      "eps": -0.003,
      "epsDiluted": -0.003,
      "weightedAverageShsOut": 995518000,
      "weightedAverageShsOutDil": 995518000
    },
    {
      "date": "2017-09-30",
      "symbol": "SHOP",
      "reportedCurrency": "USD",
      "cik": "0001594805",
      "filingDate": "2017-10-31",
      "acceptedDate": "2017-10-31 07:20:34",
      "fiscalYear": "2017",
      "period": "Q3",
      "revenue": 171456000,
      "costOfRevenue": 71429000,
      "grossProfit": 100027000,
      "researchAndDevelopmentExpenses": 36350000,
      "generalAndAdministrativeExpenses": 18039000,
      "sellingAndMarketingExpenses": 58314000,
      "sellingGeneralAndAdministrativeExpenses": 76353000,
      "otherExpenses": 247000,
      "operatingExpenses": 112703000,
      "costAndExpenses": 184132000,
      "netInterestIncome": 0,
      "interestIncome": 0,
      "interestExpense": 0,
      "depreciationAndAmortization": 5737000,
      "ebitda": -6939000,
      "ebit": -12676000,
      "nonOperatingIncomeExcludingInterest": 0,
      "operatingIncome": -12676000,
      "totalOtherIncomeExpensesNet": 3296000,
      "incomeBeforeTax": -9380000,
      "incomeTaxExpense": 0,
      "netIncomeFromContinuingOperations": -9380000,
      "netIncomeFromDiscontinuedOperations": 0,
      "otherAdjustmentsToNetIncome": 0,
      "netIncome": -9380000,
      "netIncomeDeductions": 0,
      "bottomLineNetIncome": -9380000,
      "eps": -0.0095,
      "epsDiluted": -0.0095,
      "weightedAverageShsOut": 987780000,
      "weightedAverageShsOutDil": 987780000
    },
    {
      "date": "2017-06-30",
      "symbol": "SHOP",
      "reportedCurrency": "USD",
      "cik": "0001594805",
      "filingDate": "2017-06-30",
      "acceptedDate": "2017-06-30 00:00:00",
      "fiscalYear": "2017",
      "period": "Q2",
      "revenue": 151655000,
      "costOfRevenue": 64815000,
      "grossProfit": 86840000,
      "researchAndDevelopmentExpenses": 32714000,
      "generalAndAdministrativeExpenses": 15161000,
      "sellingAndMarketingExpenses": 54872000,
      "sellingGeneralAndAdministrativeExpenses": 70033000,
      "otherExpenses": 502000,
      "operatingExpenses": 102747000,
      "costAndExpenses": 167562000,
      "netInterestIncome": 1435000,
      "interestIncome": 1435000,
      "interestExpense": 0,
      "depreciationAndAmortization": 5353000,
      "ebitda": -10554000,
      "ebit": -15907000,
      "nonOperatingIncomeExcludingInterest": 0,
      "operatingIncome": -15907000,
      "totalOtherIncomeExpensesNet": 1877000,
      "incomeBeforeTax": -14030000,
      "incomeTaxExpense": 0,
      "netIncomeFromContinuingOperations": -14030000,
      "netIncomeFromDiscontinuedOperations": 0,
      "otherAdjustmentsToNetIncome": 0,
      "netIncome": -14030000,
      "netIncomeDeductions": 0,
      "bottomLineNetIncome": -14030000,
      "eps": -0.0149,
      "epsDiluted": -0.0149,
      "weightedAverageShsOut": 942905000,
      "weightedAverageShsOutDil": 942905000
    },
    {
      "date": "2017-03-31",
      "symbol": "SHOP",
      "reportedCurrency": "USD",
      "cik": "0001594805",
      "filingDate": "2017-05-02",
      "acceptedDate": "2017-05-02 07:30:14",
      "fiscalYear": "2017",
      "period": "Q1",
      "revenue": 127379000,
      "costOfRevenue": 55138000,
      "grossProfit": 72241000,
      "researchAndDevelopmentExpenses": 26594000,
      "generalAndAdministrativeExpenses": 14774000,
      "sellingAndMarketingExpenses": 45334000,
      "sellingGeneralAndAdministrativeExpenses": 60108000,
      "otherExpenses": 420000,
      "operatingExpenses": 86702000,
      "costAndExpenses": 141840000,
      "netInterestIncome": 715000,
      "interestIncome": 715000,
      "interestExpense": 0,
      "depreciationAndAmortization": 4534000,
      "ebitda": -9927000,
      "ebit": -14461000,
      "nonOperatingIncomeExcludingInterest": 0,
      "operatingIncome": -14461000,
      "totalOtherIncomeExpensesNet": 863000,
      "incomeBeforeTax": -13598000,
      "incomeTaxExpense": 0,
      "netIncomeFromContinuingOperations": -13598000,
      "netIncomeFromDiscontinuedOperations": 0,
      "otherAdjustmentsToNetIncome": 0,
      "netIncome": -13598000,
      "netIncomeDeductions": 0,
      "bottomLineNetIncome": -13598000,
      "eps": -0.0151,
      "epsDiluted": -0.0151,
      "weightedAverageShsOut": 902429000,
      "weightedAverageShsOutDil": 902429000
    },
    {
      "date": "2016-12-31",
      "symbol": "SHOP",
      "reportedCurrency": "USD",
      "cik": "0001594805",
      "filingDate": "2017-02-15",
      "acceptedDate": "2017-02-15 07:34:04",
      "fiscalYear": "2016",
      "period": "Q4",
      "revenue": 130383000,
      "costOfRevenue": 62248000,
      "grossProfit": 68135000,
      "researchAndDevelopmentExpenses": 24472000,
      "generalAndAdministrativeExpenses": 13952000,
      "sellingAndMarketingExpenses": 39016000,
      "sellingGeneralAndAdministrativeExpenses": 52968000,
      "otherExpenses": 0,
      "operatingExpenses": 77440000,
      "costAndExpenses": 139688000,
      "netInterestIncome": 0,
      "interestIncome": 0,
      "interestExpense": 0,
      "depreciationAndAmortization": 4440000,
      "ebitda": -4865000,
      "ebit": -9305000,
      "nonOperatingIncomeExcludingInterest": 0,
      "operatingIncome": -9305000,
      "totalOtherIncomeExpensesNet": 438000,
      "incomeBeforeTax": -8867000,
      "incomeTaxExpense": 0,
      "netIncomeFromContinuingOperations": -8867000,
      "netIncomeFromDiscontinuedOperations": 0,
      "otherAdjustmentsToNetIncome": 0,
      "netIncome": -8867000,
      "netIncomeDeductions": 0,
      "bottomLineNetIncome": -8867000,
      "eps": -0.0099,
      "epsDiluted": -0.0099,
      "weightedAverageShsOut": 891372000,
      "weightedAverageShsOutDil": 891372000
    },
    {
      "date": "2016-09-30",
      "symbol": "SHOP",
      "reportedCurrency": "USD",
      "cik": "0001594805",
      "filingDate": "2016-11-02",
      "acceptedDate": "2016-11-02 07:16:18",
      "fiscalYear": "2016",
      "period": "Q3",
      "revenue": 99578000,
      "costOfRevenue": 47123000,
      "grossProfit": 52455000,
      "researchAndDevelopmentExpenses": 19462000,
      "generalAndAdministrativeExpenses": 9705000,
      "sellingAndMarketingExpenses": 32777000,
      "sellingGeneralAndAdministrativeExpenses": 42482000,
      "otherExpenses": 411000,
      "operatingExpenses": 61944000,
      "costAndExpenses": 109067000,
      "netInterestIncome": 0,
      "interestIncome": 0,
      "interestExpense": 0,
      "depreciationAndAmortization": 3693000,
      "ebitda": -5796000,
      "ebit": -9489000,
      "nonOperatingIncomeExcludingInterest": 0,
      "operatingIncome": -9489000,
      "totalOtherIncomeExpensesNet": 369000,
      "incomeBeforeTax": -9120000,
      "incomeTaxExpense": 0,
      "netIncomeFromContinuingOperations": -9120000,
      "netIncomeFromDiscontinuedOperations": 0,
      "otherAdjustmentsToNetIncome": 0,
      "netIncome": -9120000,
      "netIncomeDeductions": 0,
      "bottomLineNetIncome": -9120000,
      "eps": -0.0107,
      "epsDiluted": -0.0107,
      "weightedAverageShsOut": 849128000,
      "weightedAverageShsOutDil": 849128000
    },
    {
      "date": "2016-06-30",
      "symbol": "SHOP",
      "reportedCurrency": "USD",
      "cik": "0001594805",
      "filingDate": "2016-06-30",
      "acceptedDate": "2016-06-30 00:00:00",
      "fiscalYear": "2016",
      "period": "Q2",
      "revenue": 86647000,
      "costOfRevenue": 40481000,
      "grossProfit": 46166000,
      "researchAndDevelopmentExpenses": 16732000,
      "generalAndAdministrativeExpenses": 8680000,
      "sellingAndMarketingExpenses": 29413000,
      "sellingGeneralAndAdministrativeExpenses": 38093000,
      "otherExpenses": 220000,
      "operatingExpenses": 54825000,
      "costAndExpenses": 95306000,
      "netInterestIncome": 231000,
      "interestIncome": 231000,
      "interestExpense": 0,
      "depreciationAndAmortization": 2776000,
      "ebitda": -5883000,
      "ebit": -8659000,
      "nonOperatingIncomeExcludingInterest": 0,
      "operatingIncome": -8659000,
      "totalOtherIncomeExpensesNet": 220000,
      "incomeBeforeTax": -8439000,
      "incomeTaxExpense": 0,
      "netIncomeFromContinuingOperations": -8439000,
      "netIncomeFromDiscontinuedOperations": 0,
      "otherAdjustmentsToNetIncome": 0,
      "netIncome": -8439000,
      "netIncomeDeductions": 0,
      "bottomLineNetIncome": -8439000,
      "eps": -0.0104,
      "epsDiluted": -0.0104,
      "weightedAverageShsOut": 813492000,
      "weightedAverageShsOutDil": 813492000
    },
    {
      "date": "2016-03-31",
      "symbol": "SHOP",
      "reportedCurrency": "USD",
      "cik": "0001594805",
      "filingDate": "2016-05-04",
      "acceptedDate": "2016-05-04 07:30:13",
      "fiscalYear": "2016",
      "period": "Q1",
      "revenue": 72722000,
      "costOfRevenue": 33451000,
      "grossProfit": 39271000,
      "researchAndDevelopmentExpenses": 13670000,
      "generalAndAdministrativeExpenses": 7305000,
      "sellingAndMarketingExpenses": 28008000,
      "sellingGeneralAndAdministrativeExpenses": 35313000,
      "otherExpenses": 0,
      "operatingExpenses": 48983000,
      "costAndExpenses": 82434000,
      "netInterestIncome": 203000,
      "interestIncome": 203000,
      "interestExpense": 0,
      "depreciationAndAmortization": 3058000,
      "ebitda": -6654000,
      "ebit": -9712000,
      "nonOperatingIncomeExcludingInterest": 0,
      "operatingIncome": -9712000,
      "totalOtherIncomeExpensesNet": 783000,
      "incomeBeforeTax": -8929000,
      "incomeTaxExpense": 0,
      "netIncomeFromContinuingOperations": -8929000,
      "netIncomeFromDiscontinuedOperations": 0,
      "otherAdjustmentsToNetIncome": 0,
      "netIncome": -8929000,
      "netIncomeDeductions": 0,
      "bottomLineNetIncome": -8929000,
      "eps": -0.0111,
      "epsDiluted": -0.0111,
      "weightedAverageShsOut": 804885000,
      "weightedAverageShsOutDil": 804885000
    },
    {
      "date": "2015-12-31",
      "symbol": "SHOP",
      "reportedCurrency": "USD",
      "cik": "0001594805",
      "filingDate": "2016-02-17",
      "acceptedDate": "2016-02-17 07:41:49",
      "fiscalYear": "2015",
      "period": "Q4",
      "revenue": 70173000,
      "costOfRevenue": 34663000,
      "grossProfit": 35510000,
      "researchAndDevelopmentExpenses": 13541000,
      "generalAndAdministrativeExpenses": 5961000,
      "sellingAndMarketingExpenses": 22527000,
      "sellingGeneralAndAdministrativeExpenses": 28488000,
      "otherExpenses": 0,
      "operatingExpenses": 42029000,
      "costAndExpenses": 76692000,
      "netInterestIncome": 102000,
      "interestIncome": 102000,
      "interestExpense": 0,
      "depreciationAndAmortization": 2202000,
      "ebitda": -5828000,
      "ebit": -6519000,
      "nonOperatingIncomeExcludingInterest": 0,
      "operatingIncome": -6519000,
      "totalOtherIncomeExpensesNet": 212000,
      "incomeBeforeTax": -6307000,
      "incomeTaxExpense": 0,
      "netIncomeFromContinuingOperations": -6307000,
      "netIncomeFromDiscontinuedOperations": 0,
      "otherAdjustmentsToNetIncome": 0,
      "netIncome": -6307000,
      "netIncomeDeductions": 0,
      "bottomLineNetIncome": -6307000,
      "eps": -0.0081,
      "epsDiluted": -0.0081,
      "weightedAverageShsOut": 779966000,
      "weightedAverageShsOutDil": 779966000
    },
    {
      "date": "2015-09-30",
      "symbol": "SHOP",
      "reportedCurrency": "USD",
      "cik": "0001594805",
      "filingDate": "2015-09-30",
      "acceptedDate": "2015-09-30 00:00:00",
      "fiscalYear": "2015",
      "period": "Q3",
      "revenue": 52786000,
      "costOfRevenue": 24043000,
      "grossProfit": 28743000,
      "researchAndDevelopmentExpenses": 10068000,
      "generalAndAdministrativeExpenses": 4759000,
      "sellingAndMarketingExpenses": 18216000,
      "sellingGeneralAndAdministrativeExpenses": 22975000,
      "otherExpenses": 0,
      "operatingExpenses": 33043000,
      "costAndExpenses": 57086000,
      "netInterestIncome": 57000,
      "interestIncome": 57000,
      "interestExpense": 0,
      "depreciationAndAmortization": 1909000,
      "ebitda": -2391000,
      "ebit": -4300000,
      "nonOperatingIncomeExcludingInterest": 0,
      "operatingIncome": -4300000,
      "totalOtherIncomeExpensesNet": -357000,
      "incomeBeforeTax": -4657000,
      "incomeTaxExpense": 0,
      "netIncomeFromContinuingOperations": -4657000,
      "netIncomeFromDiscontinuedOperations": 0,
      "otherAdjustmentsToNetIncome": 0,
      "netIncome": -4657000,
      "netIncomeDeductions": 0,
      "bottomLineNetIncome": -4657000,
      "eps": -0.0061,
      "epsDiluted": -0.0061,
      "weightedAverageShsOut": 759018000,
      "weightedAverageShsOutDil": 759018000
    }
  ]
}