{
  "ticker": "SOFI",
  "endpoint": "income-statement",
  "fetched_at": "2025-09-05T14:21:20.060261",
  "data": [
    {
      "date": "2025-06-30",
      "symbol": "SOFI",
      "reportedCurrency": "USD",
      "cik": "0001818874",
      "filingDate": "2025-07-29",
      "acceptedDate": "2025-07-29 07:03:59",
      "fiscalYear": "2025",
      "period": "Q2",
      "revenue": 1129512000,
      "costOfRevenue": 284603000,
      "grossProfit": 844909000,
      "researchAndDevelopmentExpenses": 0,
      "generalAndAdministrativeExpenses": 165390000,
      "sellingAndMarketingExpenses": 264744000,
      "sellingGeneralAndAdministrativeExpenses": 430134000,
      "otherExpenses": 302583000,
      "operatingExpenses": 732717000,
      "costAndExpenses": 1017320000,
      "netInterestIncome": 517837000,
      "interestIncome": 792405000,
      "interestExpense": 274568000,
      "depreciationAndAmortization": 56743000,
      "ebitda": 168935000,
      "ebit": 112192000,
      "nonOperatingIncomeExcludingInterest": 0,
      "operatingIncome": 112192000,
      "totalOtherIncomeExpensesNet": 0,
      "incomeBeforeTax": 112192000,
      "incomeTaxExpense": 14929000,
      "netIncomeFromContinuingOperations": 97263000,
      "netIncomeFromDiscontinuedOperations": 0,
      "otherAdjustmentsToNetIncome": 0,
      "netIncome": 97263000,
      "netIncomeDeductions": 0,
      "bottomLineNetIncome": 97263000,
      "eps": 0.0879,
      "epsDiluted": 0.08,
      "weightedAverageShsOut": 1102525000,
      "weightedAverageShsOutDil": 1184197000
    },
    {
      "date": "2025-03-31",
      "symbol": "SOFI",
      "reportedCurrency": "USD",
      "cik": "0001818874",
      "filingDate": "2025-05-06",
      "acceptedDate": "2025-05-06 16:57:32",
      "fiscalYear": "2025",
      "period": "Q1",
      "revenue": 1036845000,
      "costOfRevenue": 270764000,
      "grossProfit": 766081000,
      "researchAndDevelopmentExpenses": 0,
      "generalAndAdministrativeExpenses": 156397000,
      "sellingAndMarketingExpenses": 238176000,
      "sellingGeneralAndAdministrativeExpenses": 394573000,
      "otherExpenses": 291726000,
      "operatingExpenses": 686299000,
      "costAndExpenses": 957063000,
      "netInterestIncome": 498726000,
      "interestIncome": 763812000,
      "interestExpense": 265086000,
      "depreciationAndAmortization": 55283000,
      "ebitda": 135065000,
      "ebit": 79782000,
      "nonOperatingIncomeExcludingInterest": 0,
      "operatingIncome": 79782000,
      "totalOtherIncomeExpensesNet": 0,
      "incomeBeforeTax": 79782000,
      "incomeTaxExpense": 8666000,
      "netIncomeFromContinuingOperations": 71116000,
      "netIncomeFromDiscontinuedOperations": 0,
      "otherAdjustmentsToNetIncome": 0,
      "netIncome": 71116000,
      "netIncomeDeductions": -339000,
      "bottomLineNetIncome": 71455000,
      "eps": 0.0648,
      "epsDiluted": 0.06,
      "weightedAverageShsOut": 1097994000,
      "weightedAverageShsOutDil": 1185466000
    },
    {
      "date": "2024-12-31",
      "symbol": "SOFI",
      "reportedCurrency": "USD",
      "cik": "0001818874",
      "filingDate": "2025-02-24",
      "acceptedDate": "2025-02-24 16:09:10",
      "fiscalYear": "2024",
      "period": "Q4",
      "revenue": 1007893000,
      "costOfRevenue": 280645000,
      "grossProfit": 727248000,
      "researchAndDevelopmentExpenses": 0,
      "generalAndAdministrativeExpenses": 160922000,
      "sellingAndMarketingExpenses": 229261000,
      "sellingGeneralAndAdministrativeExpenses": 390183000,
      "otherExpenses": 277141000,
      "operatingExpenses": 667324000,
      "costAndExpenses": 947969000,
      "netInterestIncome": 470169000,
      "interestIncome": 743937000,
      "interestExpense": 273768000,
      "depreciationAndAmortization": 53545000,
      "ebitda": 113469000,
      "ebit": 59924000,
      "nonOperatingIncomeExcludingInterest": 0,
      "operatingIncome": 59924000,
      "totalOtherIncomeExpensesNet": 0,
      "incomeBeforeTax": 59924000,
      "incomeTaxExpense": -272549000,
      "netIncomeFromContinuingOperations": 332473000,
      "netIncomeFromDiscontinuedOperations": 0,
      "otherAdjustmentsToNetIncome": 0,
      "netIncome": 332473000,
      "netIncomeDeductions": -13375000,
      "bottomLineNetIncome": 345848000,
      "eps": 0.32,
      "epsDiluted": 0.3,
      "weightedAverageShsOut": 1087863000,
      "weightedAverageShsOutDil": 1151047000
    },
    {
      "date": "2024-09-30",
      "symbol": "SOFI",
      "reportedCurrency": "USD",
      "cik": "0001818874",
      "filingDate": "2024-10-29",
      "acceptedDate": "2024-10-29 07:09:31",
      "fiscalYear": "2024",
      "period": "Q3",
      "revenue": 986162000,
      "costOfRevenue": 298377000,
      "grossProfit": 687785000,
      "researchAndDevelopmentExpenses": 0,
      "generalAndAdministrativeExpenses": 148921000,
      "sellingAndMarketingExpenses": 214904000,
      "sellingGeneralAndAdministrativeExpenses": 363825000,
      "otherExpenses": 260105000,
      "operatingExpenses": 623930000,
      "costAndExpenses": 922307000,
      "netInterestIncome": 431010000,
      "interestIncome": 723374000,
      "interestExpense": 292364000,
      "depreciationAndAmortization": 51791000,
      "ebitda": 115646000,
      "ebit": 63855000,
      "nonOperatingIncomeExcludingInterest": 0,
      "operatingIncome": 63855000,
      "totalOtherIncomeExpensesNet": 0,
      "incomeBeforeTax": 63855000,
      "incomeTaxExpense": 3110000,
      "netIncomeFromContinuingOperations": 60745000,
      "netIncomeFromDiscontinuedOperations": 0,
      "otherAdjustmentsToNetIncome": 0,
      "netIncome": 60745000,
      "netIncomeDeductions": 2686000,
      "bottomLineNetIncome": 58059000,
      "eps": 0.0532,
      "epsDiluted": 0.0526,
      "weightedAverageShsOut": 1071159746,
      "weightedAverageShsOutDil": 1104450416
    },
    {
      "date": "2024-06-30",
      "symbol": "SOFI",
      "reportedCurrency": "USD",
      "cik": "0001818874",
      "filingDate": "2024-08-06",
      "acceptedDate": "2024-08-06 16:06:46",
      "fiscalYear": "2024",
      "period": "Q2",
      "revenue": 860629000,
      "costOfRevenue": 273651000,
      "grossProfit": 586978000,
      "researchAndDevelopmentExpenses": 0,
      "generalAndAdministrativeExpenses": 145006000,
      "sellingAndMarketingExpenses": 184762000,
      "sellingGeneralAndAdministrativeExpenses": 329768000,
      "otherExpenses": 241870000,
      "operatingExpenses": 571638000,
      "costAndExpenses": 845289000,
      "netInterestIncome": 412584000,
      "interestIncome": 674595000,
      "interestExpense": 262011000,
      "depreciationAndAmortization": 49623000,
      "ebitda": 64963000,
      "ebit": 15340000,
      "nonOperatingIncomeExcludingInterest": 0,
      "operatingIncome": 15340000,
      "totalOtherIncomeExpensesNet": 0,
      "incomeBeforeTax": 15340000,
      "incomeTaxExpense": -2064000,
      "netIncomeFromContinuingOperations": 17404000,
      "netIncomeFromDiscontinuedOperations": 0,
      "otherAdjustmentsToNetIncome": 0,
      "netIncome": 17404000,
      "netIncomeDeductions": 0,
      "bottomLineNetIncome": 7954000,
      "eps": 0.0075,
      "epsDiluted": 0.0075,
      "weightedAverageShsOut": 1058591942,
      "weightedAverageShsOutDil": 1065171357
    },
    {
      "date": "2024-03-31",
      "symbol": "SOFI",
      "reportedCurrency": "USD",
      "cik": "0001818874",
      "filingDate": "2024-05-07",
      "acceptedDate": "2024-05-07 16:26:04",
      "fiscalYear": "2024",
      "period": "Q1",
      "revenue": 848994000,
      "costOfRevenue": 270375000,
      "grossProfit": 578619000,
      "researchAndDevelopmentExpenses": 0,
      "generalAndAdministrativeExpenses": 145240000,
      "sellingAndMarketingExpenses": 167366000,
      "sellingGeneralAndAdministrativeExpenses": 312606000,
      "otherExpenses": 171787000,
      "operatingExpenses": 484393000,
      "costAndExpenses": 754768000,
      "netInterestIncome": 402718000,
      "interestIncome": 665911000,
      "interestExpense": 263193000,
      "depreciationAndAmortization": 48539000,
      "ebitda": 142765000,
      "ebit": 94226000,
      "nonOperatingIncomeExcludingInterest": 0,
      "operatingIncome": 94226000,
      "totalOtherIncomeExpensesNet": 0,
      "incomeBeforeTax": 94226000,
      "incomeTaxExpense": 6183000,
      "netIncomeFromContinuingOperations": 88043000,
      "netIncomeFromDiscontinuedOperations": 0,
      "otherAdjustmentsToNetIncome": 0,
      "netIncome": 88043000,
      "netIncomeDeductions": 55441000,
      "bottomLineNetIncome": 22523000,
      "eps": 0.08,
      "epsDiluted": 0.0216,
      "weightedAverageShsOut": 982617000,
      "weightedAverageShsOutDil": 1042476501
    },
    {
      "date": "2023-12-31",
      "symbol": "SOFI",
      "reportedCurrency": "USD",
      "cik": "0001818874",
      "filingDate": "2024-02-27",
      "acceptedDate": "2024-02-27 17:14:38",
      "fiscalYear": "2023",
      "period": "Q4",
      "revenue": 856426000,
      "costOfRevenue": 267688000,
      "grossProfit": 588738000,
      "researchAndDevelopmentExpenses": 0,
      "generalAndAdministrativeExpenses": 131685000,
      "sellingAndMarketingExpenses": 174705000,
      "sellingGeneralAndAdministrativeExpenses": 306390000,
      "otherExpenses": 231190000,
      "operatingExpenses": 537580000,
      "costAndExpenses": 805268000,
      "netInterestIncome": 389641000,
      "interestIncome": 645237000,
      "interestExpense": 255596000,
      "depreciationAndAmortization": 53449000,
      "ebitda": 104607000,
      "ebit": 51158000,
      "nonOperatingIncomeExcludingInterest": 0,
      "operatingIncome": 51158000,
      "totalOtherIncomeExpensesNet": 0,
      "incomeBeforeTax": 51158000,
      "incomeTaxExpense": 3245000,
      "netIncomeFromContinuingOperations": 47913000,
      "netIncomeFromDiscontinuedOperations": 0,
      "otherAdjustmentsToNetIncome": 0,
      "netIncome": 47913000,
      "netIncomeDeductions": 0,
      "bottomLineNetIncome": 37724000,
      "eps": 0.04,
      "epsDiluted": 0.0366,
      "weightedAverageShsOut": 962691936,
      "weightedAverageShsOutDil": 1029303296
    },
    {
      "date": "2023-09-30",
      "symbol": "SOFI",
      "reportedCurrency": "USD",
      "cik": "0001818874",
      "filingDate": "2023-11-08",
      "acceptedDate": "2023-11-08 16:02:56",
      "fiscalYear": "2023",
      "period": "Q3",
      "revenue": 756516000,
      "costOfRevenue": 241138000,
      "grossProfit": 515378000,
      "researchAndDevelopmentExpenses": 0,
      "generalAndAdministrativeExpenses": 124457000,
      "sellingAndMarketingExpenses": 186719000,
      "sellingGeneralAndAdministrativeExpenses": 311176000,
      "otherExpenses": 471130000,
      "operatingExpenses": 782306000,
      "costAndExpenses": 1023444000,
      "netInterestIncome": 344963000,
      "interestIncome": 564270000,
      "interestExpense": 219307000,
      "depreciationAndAmortization": 52516000,
      "ebitda": -214412000,
      "ebit": -266928000,
      "nonOperatingIncomeExcludingInterest": 0,
      "operatingIncome": -266928000,
      "totalOtherIncomeExpensesNet": 0,
      "incomeBeforeTax": -266928000,
      "incomeTaxExpense": -244000,
      "netIncomeFromContinuingOperations": -266684000,
      "netIncomeFromDiscontinuedOperations": 0,
      "otherAdjustmentsToNetIncome": 0,
      "netIncome": -266684000,
      "netIncomeDeductions": 0,
      "bottomLineNetIncome": -276873000,
      "eps": -0.29,
      "epsDiluted": -0.29,
      "weightedAverageShsOut": 951183107,
      "weightedAverageShsOutDil": 951183107
    },
    {
      "date": "2023-06-30",
      "symbol": "SOFI",
      "reportedCurrency": "USD",
      "cik": "0001818874",
      "filingDate": "2023-08-08",
      "acceptedDate": "2023-08-08 16:03:05",
      "fiscalYear": "2023",
      "period": "Q2",
      "revenue": 676888000,
      "costOfRevenue": 191485000,
      "grossProfit": 485403000,
      "researchAndDevelopmentExpenses": 0,
      "generalAndAdministrativeExpenses": 131180000,
      "sellingAndMarketingExpenses": 182822000,
      "sellingGeneralAndAdministrativeExpenses": 314002000,
      "otherExpenses": 220730000,
      "operatingExpenses": 534732000,
      "costAndExpenses": 726217000,
      "netInterestIncome": 291126000,
      "interestIncome": 469996000,
      "interestExpense": 178870000,
      "depreciationAndAmortization": 50130000,
      "ebitda": 801000,
      "ebit": -49329000,
      "nonOperatingIncomeExcludingInterest": 0,
      "operatingIncome": -49329000,
      "totalOtherIncomeExpensesNet": 0,
      "incomeBeforeTax": -49329000,
      "incomeTaxExpense": -1780000,
      "netIncomeFromContinuingOperations": -47549000,
      "netIncomeFromDiscontinuedOperations": 0,
      "otherAdjustmentsToNetIncome": 0,
      "netIncome": -47549000,
      "netIncomeDeductions": 0,
      "bottomLineNetIncome": -57628000,
      "eps": -0.06,
      "epsDiluted": -0.06,
      "weightedAverageShsOut": 936569420,
      "weightedAverageShsOutDil": 936569420
    },
    {
      "date": "2023-03-31",
      "symbol": "SOFI",
      "reportedCurrency": "USD",
      "cik": "0001818874",
      "filingDate": "2023-05-10",
      "acceptedDate": "2023-05-10 16:05:32",
      "fiscalYear": "2023",
      "period": "Q1",
      "revenue": 607712000,
      "costOfRevenue": 143961000,
      "grossProfit": 463751000,
      "researchAndDevelopmentExpenses": 0,
      "generalAndAdministrativeExpenses": 123689000,
      "sellingAndMarketingExpenses": 175154000,
      "sellingGeneralAndAdministrativeExpenses": 298843000,
      "otherExpenses": 200967000,
      "operatingExpenses": 499810000,
      "costAndExpenses": 643771000,
      "netInterestIncome": 236010000,
      "interestIncome": 371564000,
      "interestExpense": 135554000,
      "depreciationAndAmortization": 45321000,
      "ebitda": 9262000,
      "ebit": -36059000,
      "nonOperatingIncomeExcludingInterest": 0,
      "operatingIncome": -36059000,
      "totalOtherIncomeExpensesNet": 0,
      "incomeBeforeTax": -36059000,
      "incomeTaxExpense": -1637000,
      "netIncomeFromContinuingOperations": -34422000,
      "netIncomeFromDiscontinuedOperations": 0,
      "otherAdjustmentsToNetIncome": 0,
      "netIncome": -34422000,
      "netIncomeDeductions": 0,
      "bottomLineNetIncome": -44390000,
      "eps": -0.05,
      "epsDiluted": -0.05,
      "weightedAverageShsOut": 929270723,
      "weightedAverageShsOutDil": 929270723
    },
    {
      "date": "2022-12-31",
      "symbol": "SOFI",
      "reportedCurrency": "USD",
      "cik": "0001818874",
      "filingDate": "2023-03-01",
      "acceptedDate": "2023-03-01 17:06:13",
      "fiscalYear": "2022",
      "period": "Q4",
      "revenue": 555503000,
      "costOfRevenue": 113769000,
      "grossProfit": 441734000,
      "researchAndDevelopmentExpenses": 0,
      "generalAndAdministrativeExpenses": 113085000,
      "sellingAndMarketingExpenses": 173702000,
      "sellingGeneralAndAdministrativeExpenses": 286787000,
      "otherExpenses": 193896000,
      "operatingExpenses": 480683000,
      "costAndExpenses": 594452000,
      "netInterestIncome": 208584000,
      "interestIncome": 307408000,
      "interestExpense": 98824000,
      "depreciationAndAmortization": 42353000,
      "ebitda": 3404000,
      "ebit": -38949000,
      "nonOperatingIncomeExcludingInterest": 0,
      "operatingIncome": -38949000,
      "totalOtherIncomeExpensesNet": 0,
      "incomeBeforeTax": -38949000,
      "incomeTaxExpense": 1057000,
      "netIncomeFromContinuingOperations": -40006000,
      "netIncomeFromDiscontinuedOperations": 0,
      "otherAdjustmentsToNetIncome": 0,
      "netIncome": -40006000,
      "netIncomeDeductions": 0,
      "bottomLineNetIncome": -50195000,
      "eps": -0.0544,
      "epsDiluted": -0.0544,
      "weightedAverageShsOut": 922936519,
      "weightedAverageShsOutDil": 922936519
    },
    {
      "date": "2022-09-30",
      "symbol": "SOFI",
      "reportedCurrency": "USD",
      "cik": "0001818874",
      "filingDate": "2022-11-09",
      "acceptedDate": "2022-11-09 16:04:51",
      "fiscalYear": "2022",
      "period": "Q3",
      "revenue": 464174000,
      "costOfRevenue": 56512000,
      "grossProfit": 407662000,
      "researchAndDevelopmentExpenses": 0,
      "generalAndAdministrativeExpenses": 126199000,
      "sellingAndMarketingExpenses": 162129000,
      "sellingGeneralAndAdministrativeExpenses": 288328000,
      "otherExpenses": 193785000,
      "operatingExpenses": 482113000,
      "costAndExpenses": 538625000,
      "netInterestIncome": 157850000,
      "interestIncome": 198039000,
      "interestExpense": 40189000,
      "depreciationAndAmortization": 40253000,
      "ebitda": -34198000,
      "ebit": -74451000,
      "nonOperatingIncomeExcludingInterest": 0,
      "operatingIncome": -74451000,
      "totalOtherIncomeExpensesNet": 0,
      "incomeBeforeTax": -74451000,
      "incomeTaxExpense": -242000,
      "netIncomeFromContinuingOperations": -74209000,
      "netIncomeFromDiscontinuedOperations": 0,
      "otherAdjustmentsToNetIncome": 0,
      "netIncome": -74209000,
      "netIncomeDeductions": 0,
      "bottomLineNetIncome": -84398000,
      "eps": -0.09,
      "epsDiluted": -0.09,
      "weightedAverageShsOut": 916762973,
      "weightedAverageShsOutDil": 916762973
    },
    {
      "date": "2022-06-30",
      "symbol": "SOFI",
      "reportedCurrency": "USD",
      "cik": "0001818874",
      "filingDate": "2022-08-09",
      "acceptedDate": "2022-08-09 17:00:51",
      "fiscalYear": "2022",
      "period": "Q2",
      "revenue": 389310000,
      "costOfRevenue": 36886000,
      "grossProfit": 352424000,
      "researchAndDevelopmentExpenses": 0,
      "generalAndAdministrativeExpenses": 125829000,
      "sellingAndMarketingExpenses": 143854000,
      "sellingGeneralAndAdministrativeExpenses": 269683000,
      "otherExpenses": 178457000,
      "operatingExpenses": 448140000,
      "costAndExpenses": 485026000,
      "netInterestIncome": 122729000,
      "interestIncome": 149512000,
      "interestExpense": 26783000,
      "depreciationAndAmortization": 38056000,
      "ebitda": -57660000,
      "ebit": -95716000,
      "nonOperatingIncomeExcludingInterest": 0,
      "operatingIncome": -95716000,
      "totalOtherIncomeExpensesNet": 0,
      "incomeBeforeTax": -95716000,
      "incomeTaxExpense": 119000,
      "netIncomeFromContinuingOperations": -95835000,
      "netIncomeFromDiscontinuedOperations": 0,
      "otherAdjustmentsToNetIncome": 0,
      "netIncome": -95835000,
      "netIncomeDeductions": 0,
      "bottomLineNetIncome": -105914000,
      "eps": -0.12,
      "epsDiluted": -0.12,
      "weightedAverageShsOut": 910046750,
      "weightedAverageShsOutDil": 910046750
    },
    {
      "date": "2022-03-31",
      "symbol": "SOFI",
      "reportedCurrency": "USD",
      "cik": "0001818874",
      "filingDate": "2022-05-10",
      "acceptedDate": "2022-05-10 17:02:28",
      "fiscalYear": "2022",
      "period": "Q1",
      "revenue": 353823000,
      "costOfRevenue": 36440000,
      "grossProfit": 317383000,
      "researchAndDevelopmentExpenses": 0,
      "generalAndAdministrativeExpenses": 136505000,
      "sellingAndMarketingExpenses": 138138000,
      "sellingGeneralAndAdministrativeExpenses": 274643000,
      "otherExpenses": 152345000,
      "operatingExpenses": 426988000,
      "costAndExpenses": 463428000,
      "netInterestIncome": 94933000,
      "interestIncome": 118412000,
      "interestExpense": 23479000,
      "depreciationAndAmortization": 30698000,
      "ebitda": -78907000,
      "ebit": -109605000,
      "nonOperatingIncomeExcludingInterest": 0,
      "operatingIncome": -109605000,
      "totalOtherIncomeExpensesNet": 0,
      "incomeBeforeTax": -109605000,
      "incomeTaxExpense": 752000,
      "netIncomeFromContinuingOperations": -110357000,
      "netIncomeFromDiscontinuedOperations": 0,
      "otherAdjustmentsToNetIncome": 0,
      "netIncome": -110357000,
      "netIncomeDeductions": 0,
      "bottomLineNetIncome": -120325000,
      "eps": -0.14,
      "epsDiluted": -0.14,
      "weightedAverageShsOut": 852853596,
      "weightedAverageShsOutDil": 852853596
    },
    {
      "date": "2021-12-31",
      "symbol": "SOFI",
      "reportedCurrency": "USD",
      "cik": "0001818874",
      "filingDate": "2022-03-01",
      "acceptedDate": "2022-03-01 17:03:20",
      "fiscalYear": "2021",
      "period": "Q4",
      "revenue": 303814000,
      "costOfRevenue": 22892000,
      "grossProfit": 280922000,
      "researchAndDevelopmentExpenses": 0,
      "generalAndAdministrativeExpenses": 125160000,
      "sellingAndMarketingExpenses": 129705000,
      "sellingGeneralAndAdministrativeExpenses": 254865000,
      "otherExpenses": 135511000,
      "operatingExpenses": 390376000,
      "costAndExpenses": 413268000,
      "netInterestIncome": 76577000,
      "interestIncome": 94783000,
      "interestExpense": 18206000,
      "depreciationAndAmortization": 26527000,
      "ebitda": -82927000,
      "ebit": -109454000,
      "nonOperatingIncomeExcludingInterest": 0,
      "operatingIncome": -109454000,
      "totalOtherIncomeExpensesNet": 0,
      "incomeBeforeTax": -109454000,
      "incomeTaxExpense": 1558000,
      "netIncomeFromContinuingOperations": -111012000,
      "netIncomeFromDiscontinuedOperations": 0,
      "otherAdjustmentsToNetIncome": 0,
      "netIncome": -111012000,
      "netIncomeDeductions": 0,
      "bottomLineNetIncome": -121202000,
      "eps": -0.15,
      "epsDiluted": -0.15,
      "weightedAverageShsOut": 814507200,
      "weightedAverageShsOutDil": 814507200
    },
    {
      "date": "2021-09-30",
      "symbol": "SOFI",
      "reportedCurrency": "USD",
      "cik": "0001818874",
      "filingDate": "2021-11-15",
      "acceptedDate": "2021-11-15 07:18:20",
      "fiscalYear": "2021",
      "period": "Q3",
      "revenue": 293232000,
      "costOfRevenue": 23627000,
      "grossProfit": 269605000,
      "researchAndDevelopmentExpenses": 0,
      "generalAndAdministrativeExpenses": 40461000,
      "sellingAndMarketingExpenses": 114985000,
      "sellingGeneralAndAdministrativeExpenses": 155446000,
      "otherExpenses": 144025000,
      "operatingExpenses": 299471000,
      "costAndExpenses": 323098000,
      "netInterestIncome": 72375000,
      "interestIncome": 93601000,
      "interestExpense": 21226000,
      "depreciationAndAmortization": 24075000,
      "ebitda": -5791000,
      "ebit": -29866000,
      "nonOperatingIncomeExcludingInterest": 0,
      "operatingIncome": -29866000,
      "totalOtherIncomeExpensesNet": 0,
      "incomeBeforeTax": -29866000,
      "incomeTaxExpense": 181000,
      "netIncomeFromContinuingOperations": -30047000,
      "netIncomeFromDiscontinuedOperations": 0,
      "otherAdjustmentsToNetIncome": 0,
      "netIncome": -30047000,
      "netIncomeDeductions": 0,
      "bottomLineNetIncome": -40236000,
      "eps": -0.05,
      "epsDiluted": -0.05,
      "weightedAverageShsOut": 800565830,
      "weightedAverageShsOutDil": 800565830
    },
    {
      "date": "2021-06-30",
      "symbol": "SOFI",
      "reportedCurrency": "USD",
      "cik": "0001818874",
      "filingDate": "2021-08-16",
      "acceptedDate": "2021-08-16 16:07:16",
      "fiscalYear": "2021",
      "period": "Q2",
      "revenue": 259370000,
      "costOfRevenue": 28582000,
      "grossProfit": 230788000,
      "researchAndDevelopmentExpenses": 0,
      "generalAndAdministrativeExpenses": 171216000,
      "sellingAndMarketingExpenses": 94951000,
      "sellingGeneralAndAdministrativeExpenses": 266167000,
      "otherExpenses": 130013000,
      "operatingExpenses": 396180000,
      "costAndExpenses": 424762000,
      "netInterestIncome": 56012000,
      "interestIncome": 84108000,
      "interestExpense": 28096000,
      "depreciationAndAmortization": 24989000,
      "ebitda": -140403000,
      "ebit": -165392000,
      "nonOperatingIncomeExcludingInterest": 0,
      "operatingIncome": -165392000,
      "totalOtherIncomeExpensesNet": 0,
      "incomeBeforeTax": -165392000,
      "incomeTaxExpense": -78000,
      "netIncomeFromContinuingOperations": -165314000,
      "netIncomeFromDiscontinuedOperations": 0,
      "otherAdjustmentsToNetIncome": 0,
      "netIncome": -165314000,
      "netIncomeDeductions": 0,
      "bottomLineNetIncome": -175393000,
      "eps": -0.48,
      "epsDiluted": -0.48,
      "weightedAverageShsOut": 365036365,
      "weightedAverageShsOutDil": 365036365
    },
    {
      "date": "2021-03-31",
      "symbol": "SOFI",
      "reportedCurrency": "USD",
      "cik": "0001818874",
      "filingDate": "2021-05-24",
      "acceptedDate": "2021-05-24 08:51:56",
      "fiscalYear": "2021",
      "period": "Q1",
      "revenue": 231232000,
      "costOfRevenue": 35248000,
      "grossProfit": 195984000,
      "researchAndDevelopmentExpenses": 0,
      "generalAndAdministrativeExpenses": 161697000,
      "sellingAndMarketingExpenses": 87234000,
      "sellingGeneralAndAdministrativeExpenses": 248931000,
      "otherExpenses": 123518000,
      "operatingExpenses": 372449000,
      "costAndExpenses": 407697000,
      "netInterestIncome": 47280000,
      "interestIncome": 82528000,
      "interestExpense": 35248000,
      "depreciationAndAmortization": 25977000,
      "ebitda": -150488000,
      "ebit": -176465000,
      "nonOperatingIncomeExcludingInterest": 0,
      "operatingIncome": -176465000,
      "totalOtherIncomeExpensesNet": 0,
      "incomeBeforeTax": -176465000,
      "incomeTaxExpense": 1099000,
      "netIncomeFromContinuingOperations": -177564000,
      "netIncomeFromDiscontinuedOperations": 0,
      "otherAdjustmentsToNetIncome": 0,
      "netIncome": -177564000,
      "netIncomeDeductions": 0,
      "bottomLineNetIncome": -187532000,
      "eps": -1.614531,
      "epsDiluted": -1.614531,
      "weightedAverageShsOut": 116152593,
      "weightedAverageShsOutDil": 116152593
    },
    {
      "date": "2020-12-31",
      "symbol": "SOFI",
      "reportedCurrency": "USD",
      "cik": "0001818874",
      "filingDate": "2021-03-17",
      "acceptedDate": "2021-03-17 09:20:06",
      "fiscalYear": "2020",
      "period": "Q4",
      "revenue": 224741000,
      "costOfRevenue": 53250000,
      "grossProfit": 171491000,
      "researchAndDevelopmentExpenses": 0,
      "generalAndAdministrativeExpenses": 76097000,
      "sellingAndMarketingExpenses": 72182000,
      "sellingGeneralAndAdministrativeExpenses": 148279000,
      "otherExpenses": 110777000,
      "operatingExpenses": 259056000,
      "costAndExpenses": 312306000,
      "netInterestIncome": 38823000,
      "interestIncome": 92073000,
      "interestExpense": 53250000,
      "depreciationAndAmortization": 25486000,
      "ebitda": -62079000,
      "ebit": -87565000,
      "nonOperatingIncomeExcludingInterest": 0,
      "operatingIncome": -87565000,
      "totalOtherIncomeExpensesNet": 0,
      "incomeBeforeTax": -87565000,
      "incomeTaxExpense": -4949000,
      "netIncomeFromContinuingOperations": -82616000,
      "netIncomeFromDiscontinuedOperations": 0,
      "otherAdjustmentsToNetIncome": 0,
      "netIncome": -82616000,
      "netIncomeDeductions": 52658000,
      "bottomLineNetIncome": -145464000,
      "eps": -1.8535,
      "epsDiluted": -1.8535,
      "weightedAverageShsOut": 78480471,
      "weightedAverageShsOutDil": 78480471
    },
    {
      "date": "2020-09-30",
      "symbol": "SOFI",
      "reportedCurrency": "USD",
      "cik": "0001818874",
      "filingDate": "2020-11-23",
      "acceptedDate": "2020-11-20 18:26:31",
      "fiscalYear": "2020",
      "period": "Q3",
      "revenue": 239692000,
      "costOfRevenue": 38905000,
      "grossProfit": 200787000,
      "researchAndDevelopmentExpenses": 0,
      "generalAndAdministrativeExpenses": 58766000,
      "sellingAndMarketingExpenses": 77458000,
      "sellingGeneralAndAdministrativeExpenses": 136224000,
      "otherExpenses": 107249000,
      "operatingExpenses": 243473000,
      "costAndExpenses": 282378000,
      "netInterestIncome": 49212000,
      "interestIncome": 88117000,
      "interestExpense": 38905000,
      "depreciationAndAmortization": 24676000,
      "ebitda": -18010000,
      "ebit": -42686000,
      "nonOperatingIncomeExcludingInterest": 0,
      "operatingIncome": -42686000,
      "totalOtherIncomeExpensesNet": 0,
      "incomeBeforeTax": -42686000,
      "incomeTaxExpense": 192000,
      "netIncomeFromContinuingOperations": -42878000,
      "netIncomeFromDiscontinuedOperations": 0,
      "otherAdjustmentsToNetIncome": 0,
      "netIncome": -42878000,
      "netIncomeDeductions": 0,
      "bottomLineNetIncome": -53067000,
      "eps": -0.456873,
      "epsDiluted": -0.456873,
      "weightedAverageShsOut": 116152593,
      "weightedAverageShsOutDil": 116152593
    },
    {
      "date": "2020-06-30",
      "symbol": "SOFI",
      "reportedCurrency": "USD",
      "cik": "0001818874",
      "filingDate": "2020-06-30",
      "acceptedDate": "2020-06-30 00:00:00",
      "fiscalYear": "2020",
      "period": "Q2",
      "revenue": 158270000,
      "costOfRevenue": 43318000,
      "grossProfit": 114952000,
      "researchAndDevelopmentExpenses": 0,
      "generalAndAdministrativeExpenses": 53404000,
      "sellingAndMarketingExpenses": 64267000,
      "sellingGeneralAndAdministrativeExpenses": 117671000,
      "otherExpenses": 89241000,
      "operatingExpenses": 206912000,
      "costAndExpenses": 250230000,
      "netInterestIncome": 42747000,
      "interestIncome": 86065000,
      "interestExpense": 43318000,
      "depreciationAndAmortization": 0,
      "ebitda": -91960000,
      "ebit": -91960000,
      "nonOperatingIncomeExcludingInterest": 0,
      "operatingIncome": -91960000,
      "totalOtherIncomeExpensesNet": 0,
      "incomeBeforeTax": -91960000,
      "incomeTaxExpense": -99768000,
      "netIncomeFromContinuingOperations": 7808000,
      "netIncomeFromDiscontinuedOperations": 0,
      "otherAdjustmentsToNetIncome": 0,
      "netIncome": 7808000,
      "netIncomeDeductions": 0,
      "bottomLineNetIncome": -2243000,
      "eps": -0.019311,
      "epsDiluted": -0.019311,
      "weightedAverageShsOut": 116152593,
      "weightedAverageShsOutDil": 116152593
    },
    {
      "date": "2020-03-31",
      "symbol": "SOFI",
      "reportedCurrency": "USD",
      "cik": "0001818874",
      "filingDate": "2020-03-31",
      "acceptedDate": "2020-03-31 00:00:00",
      "fiscalYear": "2020",
      "period": "Q1",
      "revenue": 128435000,
      "costOfRevenue": 77543000,
      "grossProfit": 50892000,
      "researchAndDevelopmentExpenses": 0,
      "generalAndAdministrativeExpenses": 49114000,
      "sellingAndMarketingExpenses": 62670000,
      "sellingGeneralAndAdministrativeExpenses": 111784000,
      "otherExpenses": 45418000,
      "operatingExpenses": 157202000,
      "costAndExpenses": 234745000,
      "netInterestIncome": 47149000,
      "interestIncome": 97282000,
      "interestExpense": 50133000,
      "depreciationAndAmortization": 4715000,
      "ebitda": -101595000,
      "ebit": -106310000,
      "nonOperatingIncomeExcludingInterest": 0,
      "operatingIncome": -106310000,
      "totalOtherIncomeExpensesNet": 0,
      "incomeBeforeTax": -106310000,
      "incomeTaxExpense": 57000,
      "netIncomeFromContinuingOperations": -106367000,
      "netIncomeFromDiscontinuedOperations": 0,
      "otherAdjustmentsToNetIncome": 0,
      "netIncome": -106367000,
      "netIncomeDeductions": 0,
      "bottomLineNetIncome": -116473000,
      "eps": -2.93,
      "epsDiluted": -2.93,
      "weightedAverageShsOut": 36302742,
      "weightedAverageShsOutDil": 39815023
    },
    {
      "date": "2019-12-31",
      "symbol": "SOFI",
      "reportedCurrency": "USD",
      "cik": "0001818874",
      "filingDate": "2019-12-31",
      "acceptedDate": "2019-12-31 00:00:00",
      "fiscalYear": "2019",
      "period": "Q4",
      "revenue": 124692000,
      "costOfRevenue": 80752000,
      "grossProfit": 64242000,
      "researchAndDevelopmentExpenses": 43336000,
      "generalAndAdministrativeExpenses": 65079000,
      "sellingAndMarketingExpenses": 70636000,
      "sellingGeneralAndAdministrativeExpenses": 152796000,
      "otherExpenses": 0,
      "operatingExpenses": 196132000,
      "costAndExpenses": 187194000,
      "netInterestIncome": 0,
      "interestIncome": 0,
      "interestExpense": 0,
      "depreciationAndAmortization": 5155000,
      "ebitda": -126735000,
      "ebit": -131890000,
      "nonOperatingIncomeExcludingInterest": 0,
      "operatingIncome": -131890000,
      "totalOtherIncomeExpensesNet": 8938000,
      "incomeBeforeTax": -122952000,
      "incomeTaxExpense": -411000,
      "netIncomeFromContinuingOperations": -122541000,
      "netIncomeFromDiscontinuedOperations": 0,
      "otherAdjustmentsToNetIncome": 0,
      "netIncome": -122541000,
      "netIncomeDeductions": 0,
      "bottomLineNetIncome": -132731000,
      "eps": -3.39,
      "epsDiluted": -3.39,
      "weightedAverageShsOut": 36155733,
      "weightedAverageShsOutDil": 39193564
    }
  ]
}