{
  "ticker": "TSLA",
  "endpoint": "income-statement",
  "fetched_at": "2025-09-05T14:21:25.193151",
  "data": [
    {
      "date": "2025-06-30",
      "symbol": "TSLA",
      "reportedCurrency": "USD",
      "cik": "0001318605",
      "filingDate": "2025-07-24",
      "acceptedDate": "2025-07-23 20:23:31",
      "fiscalYear": "2025",
      "period": "Q2",
      "revenue": 22496000000,
      "costOfRevenue": 18618000000,
      "grossProfit": 3878000000,
      "researchAndDevelopmentExpenses": 1589000000,
      "generalAndAdministrativeExpenses": 0,
      "sellingAndMarketingExpenses": 0,
      "sellingGeneralAndAdministrativeExpenses": 1366000000,
      "otherExpenses": 0,
      "operatingExpenses": 2955000000,
      "costAndExpenses": 21573000000,
      "netInterestIncome": 306000000,
      "interestIncome": 392000000,
      "interestExpense": 86000000,
      "depreciationAndAmortization": 1433000000,
      "ebitda": 3068000000,
      "ebit": 1635000000,
      "nonOperatingIncomeExcludingInterest": -712000000,
      "operatingIncome": 923000000,
      "totalOtherIncomeExpensesNet": 626000000,
      "incomeBeforeTax": 1549000000,
      "incomeTaxExpense": 359000000,
      "netIncomeFromContinuingOperations": 1190000000,
      "netIncomeFromDiscontinuedOperations": 0,
      "otherAdjustmentsToNetIncome": 0,
      "netIncome": 1172000000,
      "netIncomeDeductions": 0,
      "bottomLineNetIncome": 1172000000,
      "eps": 0.36,
      "epsDiluted": 0.33,
      "weightedAverageShsOut": 3223000000,
      "weightedAverageShsOutDil": 3519000000
    },
    {
      "date": "2025-03-31",
      "symbol": "TSLA",
      "reportedCurrency": "USD",
      "cik": "0001318605",
      "filingDate": "2025-04-23",
      "acceptedDate": "2025-04-22 21:02:10",
      "fiscalYear": "2025",
      "period": "Q1",
      "revenue": 19335000000,
      "costOfRevenue": 16182000000,
      "grossProfit": 3153000000,
      "researchAndDevelopmentExpenses": 1409000000,
      "generalAndAdministrativeExpenses": 1251000000,
      "sellingAndMarketingExpenses": 0,
      "sellingGeneralAndAdministrativeExpenses": 1251000000,
      "otherExpenses": 94000000,
      "operatingExpenses": 2754000000,
      "costAndExpenses": 18936000000,
      "netInterestIncome": 309000000,
      "interestIncome": 400000000,
      "interestExpense": 91000000,
      "depreciationAndAmortization": 1447000000,
      "ebitda": 2127000000,
      "ebit": 680000000,
      "nonOperatingIncomeExcludingInterest": -281000000,
      "operatingIncome": 399000000,
      "totalOtherIncomeExpensesNet": 190000000,
      "incomeBeforeTax": 589000000,
      "incomeTaxExpense": 169000000,
      "netIncomeFromContinuingOperations": 420000000,
      "netIncomeFromDiscontinuedOperations": 0,
      "otherAdjustmentsToNetIncome": 0,
      "netIncome": 409000000,
      "netIncomeDeductions": 0,
      "bottomLineNetIncome": 409000000,
      "eps": 0.13,
      "epsDiluted": 0.12,
      "weightedAverageShsOut": 3218000000,
      "weightedAverageShsOutDil": 3521000000
    },
    {
      "date": "2024-12-31",
      "symbol": "TSLA",
      "reportedCurrency": "USD",
      "cik": "0001318605",
      "filingDate": "2025-01-30",
      "acceptedDate": "2025-01-29 20:42:33",
      "fiscalYear": "2024",
      "period": "Q4",
      "revenue": 25707000000,
      "costOfRevenue": 21528000000,
      "grossProfit": 4179000000,
      "researchAndDevelopmentExpenses": 1276000000,
      "generalAndAdministrativeExpenses": 1313000000,
      "sellingAndMarketingExpenses": 0,
      "sellingGeneralAndAdministrativeExpenses": 1313000000,
      "otherExpenses": 7000000,
      "operatingExpenses": 2596000000,
      "costAndExpenses": 24124000000,
      "netInterestIncome": 346000000,
      "interestIncome": 442000000,
      "interestExpense": 96000000,
      "depreciationAndAmortization": 1496000000,
      "ebitda": 4358000000,
      "ebit": 2862000000,
      "nonOperatingIncomeExcludingInterest": -1279000000,
      "operatingIncome": 1583000000,
      "totalOtherIncomeExpensesNet": 1183000000,
      "incomeBeforeTax": 2766000000,
      "incomeTaxExpense": 434000000,
      "netIncomeFromContinuingOperations": 2332000000,
      "netIncomeFromDiscontinuedOperations": 0,
      "otherAdjustmentsToNetIncome": 0,
      "netIncome": 2356000000,
      "netIncomeDeductions": 42000000,
      "bottomLineNetIncome": 2314000000,
      "eps": 0.72,
      "epsDiluted": 0.66,
      "weightedAverageShsOut": 3213000000,
      "weightedAverageShsOutDil": 3517000000
    },
    {
      "date": "2024-09-30",
      "symbol": "TSLA",
      "reportedCurrency": "USD",
      "cik": "0001318605",
      "filingDate": "2024-10-24",
      "acceptedDate": "2024-10-23 20:42:47",
      "fiscalYear": "2024",
      "period": "Q3",
      "revenue": 25182000000,
      "costOfRevenue": 20185000000,
      "grossProfit": 4997000000,
      "researchAndDevelopmentExpenses": 1039000000,
      "generalAndAdministrativeExpenses": 1186000000,
      "sellingAndMarketingExpenses": 0,
      "sellingGeneralAndAdministrativeExpenses": 1186000000,
      "otherExpenses": 55000000,
      "operatingExpenses": 2280000000,
      "costAndExpenses": 22465000000,
      "netInterestIncome": 337000000,
      "interestIncome": 429000000,
      "interestExpense": 92000000,
      "depreciationAndAmortization": 1348000000,
      "ebitda": 4224000000,
      "ebit": 2876000000,
      "nonOperatingIncomeExcludingInterest": -159000000,
      "operatingIncome": 2717000000,
      "totalOtherIncomeExpensesNet": 67000000,
      "incomeBeforeTax": 2784000000,
      "incomeTaxExpense": 601000000,
      "netIncomeFromContinuingOperations": 2183000000,
      "netIncomeFromDiscontinuedOperations": 0,
      "otherAdjustmentsToNetIncome": 0,
      "netIncome": 2167000000,
      "netIncomeDeductions": 0,
      "bottomLineNetIncome": 2167000000,
      "eps": 0.68,
      "epsDiluted": 0.62,
      "weightedAverageShsOut": 3198000000,
      "weightedAverageShsOutDil": 3497000000
    },
    {
      "date": "2024-06-30",
      "symbol": "TSLA",
      "reportedCurrency": "USD",
      "cik": "0001318605",
      "filingDate": "2024-07-24",
      "acceptedDate": "2024-07-23 19:41:09",
      "fiscalYear": "2024",
      "period": "Q2",
      "revenue": 25500000000,
      "costOfRevenue": 20922000000,
      "grossProfit": 4578000000,
      "researchAndDevelopmentExpenses": 1074000000,
      "generalAndAdministrativeExpenses": 1277000000,
      "sellingAndMarketingExpenses": 0,
      "sellingGeneralAndAdministrativeExpenses": 1277000000,
      "otherExpenses": 622000000,
      "operatingExpenses": 2973000000,
      "costAndExpenses": 23895000000,
      "netInterestIncome": 262000000,
      "interestIncome": 348000000,
      "interestExpense": 86000000,
      "depreciationAndAmortization": 1278000000,
      "ebitda": 3251000000,
      "ebit": 1973000000,
      "nonOperatingIncomeExcludingInterest": -368000000,
      "operatingIncome": 1605000000,
      "totalOtherIncomeExpensesNet": 182000000,
      "incomeBeforeTax": 1787000000,
      "incomeTaxExpense": 371000000,
      "netIncomeFromContinuingOperations": 1416000000,
      "netIncomeFromDiscontinuedOperations": 0,
      "otherAdjustmentsToNetIncome": 0,
      "netIncome": 1400000000,
      "netIncomeDeductions": 0,
      "bottomLineNetIncome": 1400000000,
      "eps": 0.46,
      "epsDiluted": 0.42,
      "weightedAverageShsOut": 3191000000,
      "weightedAverageShsOutDil": 3481000000
    },
    {
      "date": "2024-03-31",
      "symbol": "TSLA",
      "reportedCurrency": "USD",
      "cik": "0001318605",
      "filingDate": "2024-04-24",
      "acceptedDate": "2024-04-23 20:27:48",
      "fiscalYear": "2024",
      "period": "Q1",
      "revenue": 21301000000,
      "costOfRevenue": 17605000000,
      "grossProfit": 3696000000,
      "researchAndDevelopmentExpenses": 1151000000,
      "generalAndAdministrativeExpenses": 1374000000,
      "sellingAndMarketingExpenses": 0,
      "sellingGeneralAndAdministrativeExpenses": 1374000000,
      "otherExpenses": 0,
      "operatingExpenses": 2525000000,
      "costAndExpenses": 20130000000,
      "netInterestIncome": 274000000,
      "interestIncome": 350000000,
      "interestExpense": 76000000,
      "depreciationAndAmortization": 1246000000,
      "ebitda": 2875000000,
      "ebit": 1629000000,
      "nonOperatingIncomeExcludingInterest": -458000000,
      "operatingIncome": 1171000000,
      "totalOtherIncomeExpensesNet": 717000000,
      "incomeBeforeTax": 1888000000,
      "incomeTaxExpense": 483000000,
      "netIncomeFromContinuingOperations": 1405000000,
      "netIncomeFromDiscontinuedOperations": 0,
      "otherAdjustmentsToNetIncome": 0,
      "netIncome": 1390000000,
      "netIncomeDeductions": 0,
      "bottomLineNetIncome": 1432000000,
      "eps": 0.45,
      "epsDiluted": 0.41,
      "weightedAverageShsOut": 3186000000,
      "weightedAverageShsOutDil": 3484000000
    },
    {
      "date": "2023-12-31",
      "symbol": "TSLA",
      "reportedCurrency": "USD",
      "cik": "0001318605",
      "filingDate": "2024-01-29",
      "acceptedDate": "2024-01-26 21:00:20",
      "fiscalYear": "2023",
      "period": "Q4",
      "revenue": 25167000000,
      "costOfRevenue": 20729000000,
      "grossProfit": 4438000000,
      "researchAndDevelopmentExpenses": 1094000000,
      "generalAndAdministrativeExpenses": 1280000000,
      "sellingAndMarketingExpenses": 0,
      "sellingGeneralAndAdministrativeExpenses": 1280000000,
      "otherExpenses": 0,
      "operatingExpenses": 2374000000,
      "costAndExpenses": 23103000000,
      "netInterestIncome": 272000000,
      "interestIncome": 333000000,
      "interestExpense": 61000000,
      "depreciationAndAmortization": 1232000000,
      "ebitda": 3484000000,
      "ebit": 2252000000,
      "nonOperatingIncomeExcludingInterest": -188000000,
      "operatingIncome": 2064000000,
      "totalOtherIncomeExpensesNet": 127000000,
      "incomeBeforeTax": 2191000000,
      "incomeTaxExpense": -5752000000,
      "netIncomeFromContinuingOperations": 7943000000,
      "netIncomeFromDiscontinuedOperations": 0,
      "otherAdjustmentsToNetIncome": 0,
      "netIncome": 7930000000,
      "netIncomeDeductions": 3000000,
      "bottomLineNetIncome": 7927000000,
      "eps": 2.49,
      "epsDiluted": 2.27,
      "weightedAverageShsOut": 3181000000,
      "weightedAverageShsOutDil": 3492000000
    },
    {
      "date": "2023-09-30",
      "symbol": "TSLA",
      "reportedCurrency": "USD",
      "cik": "0001318605",
      "filingDate": "2023-10-23",
      "acceptedDate": "2023-10-20 18:41:03",
      "fiscalYear": "2023",
      "period": "Q3",
      "revenue": 23350000000,
      "costOfRevenue": 19172000000,
      "grossProfit": 4178000000,
      "researchAndDevelopmentExpenses": 1161000000,
      "generalAndAdministrativeExpenses": 1253000000,
      "sellingAndMarketingExpenses": 0,
      "sellingGeneralAndAdministrativeExpenses": 1253000000,
      "otherExpenses": 0,
      "operatingExpenses": 2414000000,
      "costAndExpenses": 21586000000,
      "netInterestIncome": 244000000,
      "interestIncome": 282000000,
      "interestExpense": 38000000,
      "depreciationAndAmortization": 1235000000,
      "ebitda": 3318000000,
      "ebit": 2083000000,
      "nonOperatingIncomeExcludingInterest": -319000000,
      "operatingIncome": 1764000000,
      "totalOtherIncomeExpensesNet": 281000000,
      "incomeBeforeTax": 2045000000,
      "incomeTaxExpense": 167000000,
      "netIncomeFromContinuingOperations": 1878000000,
      "netIncomeFromDiscontinuedOperations": 0,
      "otherAdjustmentsToNetIncome": 0,
      "netIncome": 1853000000,
      "netIncomeDeductions": 2000000,
      "bottomLineNetIncome": 1851000000,
      "eps": 0.58,
      "epsDiluted": 0.53,
      "weightedAverageShsOut": 3176000000,
      "weightedAverageShsOutDil": 3493000000
    },
    {
      "date": "2023-06-30",
      "symbol": "TSLA",
      "reportedCurrency": "USD",
      "cik": "0001318605",
      "filingDate": "2023-07-24",
      "acceptedDate": "2023-07-21 18:08:29",
      "fiscalYear": "2023",
      "period": "Q2",
      "revenue": 24927000000,
      "costOfRevenue": 20394000000,
      "grossProfit": 4533000000,
      "researchAndDevelopmentExpenses": 943000000,
      "generalAndAdministrativeExpenses": 1191000000,
      "sellingAndMarketingExpenses": 0,
      "sellingGeneralAndAdministrativeExpenses": 1191000000,
      "otherExpenses": 0,
      "operatingExpenses": 2134000000,
      "costAndExpenses": 22528000000,
      "netInterestIncome": 210000000,
      "interestIncome": 238000000,
      "interestExpense": 28000000,
      "depreciationAndAmortization": 1154000000,
      "ebitda": 4119000000,
      "ebit": 2965000000,
      "nonOperatingIncomeExcludingInterest": -566000000,
      "operatingIncome": 2399000000,
      "totalOtherIncomeExpensesNet": 538000000,
      "incomeBeforeTax": 2937000000,
      "incomeTaxExpense": 323000000,
      "netIncomeFromContinuingOperations": 2614000000,
      "netIncomeFromDiscontinuedOperations": 0,
      "otherAdjustmentsToNetIncome": 0,
      "netIncome": 2703000000,
      "netIncomeDeductions": 0,
      "bottomLineNetIncome": 2703000000,
      "eps": 0.85,
      "epsDiluted": 0.78,
      "weightedAverageShsOut": 3171000000,
      "weightedAverageShsOutDil": 3478000000
    },
    {
      "date": "2023-03-31",
      "symbol": "TSLA",
      "reportedCurrency": "USD",
      "cik": "0001318605",
      "filingDate": "2023-04-24",
      "acceptedDate": "2023-04-21 18:05:23",
      "fiscalYear": "2023",
      "period": "Q1",
      "revenue": 23329000000,
      "costOfRevenue": 18818000000,
      "grossProfit": 4511000000,
      "researchAndDevelopmentExpenses": 771000000,
      "generalAndAdministrativeExpenses": 1076000000,
      "sellingAndMarketingExpenses": 0,
      "sellingGeneralAndAdministrativeExpenses": 1076000000,
      "otherExpenses": 0,
      "operatingExpenses": 1847000000,
      "costAndExpenses": 20665000000,
      "netInterestIncome": 184000000,
      "interestIncome": 213000000,
      "interestExpense": 29000000,
      "depreciationAndAmortization": 1046000000,
      "ebitda": 3875000000,
      "ebit": 2829000000,
      "nonOperatingIncomeExcludingInterest": -165000000,
      "operatingIncome": 2664000000,
      "totalOtherIncomeExpensesNet": 136000000,
      "incomeBeforeTax": 2800000000,
      "incomeTaxExpense": 261000000,
      "netIncomeFromContinuingOperations": 2539000000,
      "netIncomeFromDiscontinuedOperations": 0,
      "otherAdjustmentsToNetIncome": 0,
      "netIncome": 2513000000,
      "netIncomeDeductions": 0,
      "bottomLineNetIncome": 2518000000,
      "eps": 0.8,
      "epsDiluted": 0.73,
      "weightedAverageShsOut": 3166000000,
      "weightedAverageShsOutDil": 3468000000
    },
    {
      "date": "2022-12-31",
      "symbol": "TSLA",
      "reportedCurrency": "USD",
      "cik": "0001318605",
      "filingDate": "2023-01-31",
      "acceptedDate": "2023-01-30 21:29:15",
      "fiscalYear": "2022",
      "period": "Q4",
      "revenue": 24318000000,
      "costOfRevenue": 18541000000,
      "grossProfit": 5777000000,
      "researchAndDevelopmentExpenses": 810000000,
      "generalAndAdministrativeExpenses": 1032000000,
      "sellingAndMarketingExpenses": 0,
      "sellingGeneralAndAdministrativeExpenses": 1032000000,
      "otherExpenses": 34000000,
      "operatingExpenses": 1876000000,
      "costAndExpenses": 20417000000,
      "netInterestIncome": 124000000,
      "interestIncome": 157000000,
      "interestExpense": 33000000,
      "depreciationAndAmortization": 989000000,
      "ebitda": 5005000000,
      "ebit": 4016000000,
      "nonOperatingIncomeExcludingInterest": -115000000,
      "operatingIncome": 3901000000,
      "totalOtherIncomeExpensesNet": 82000000,
      "incomeBeforeTax": 3983000000,
      "incomeTaxExpense": 276000000,
      "netIncomeFromContinuingOperations": 3707000000,
      "netIncomeFromDiscontinuedOperations": 0,
      "otherAdjustmentsToNetIncome": 0,
      "netIncome": 3714000000,
      "netIncomeDeductions": -8000000,
      "bottomLineNetIncome": 3722000000,
      "eps": 1.18,
      "epsDiluted": 1.07,
      "weightedAverageShsOut": 3160000000,
      "weightedAverageShsOutDil": 3475000000
    },
    {
      "date": "2022-09-30",
      "symbol": "TSLA",
      "reportedCurrency": "USD",
      "cik": "0001318605",
      "filingDate": "2022-10-24",
      "acceptedDate": "2022-10-24 06:08:50",
      "fiscalYear": "2022",
      "period": "Q3",
      "revenue": 21454000000,
      "costOfRevenue": 16072000000,
      "grossProfit": 5382000000,
      "researchAndDevelopmentExpenses": 733000000,
      "generalAndAdministrativeExpenses": 961000000,
      "sellingAndMarketingExpenses": 0,
      "sellingGeneralAndAdministrativeExpenses": 961000000,
      "otherExpenses": 0,
      "operatingExpenses": 1694000000,
      "costAndExpenses": 17766000000,
      "netInterestIncome": 33000000,
      "interestIncome": 86000000,
      "interestExpense": 53000000,
      "depreciationAndAmortization": 956000000,
      "ebitda": 4645000000,
      "ebit": 3689000000,
      "nonOperatingIncomeExcludingInterest": -1000000,
      "operatingIncome": 3688000000,
      "totalOtherIncomeExpensesNet": -52000000,
      "incomeBeforeTax": 3636000000,
      "incomeTaxExpense": 305000000,
      "netIncomeFromContinuingOperations": 3331000000,
      "netIncomeFromDiscontinuedOperations": 0,
      "otherAdjustmentsToNetIncome": 0,
      "netIncome": 3292000000,
      "netIncomeDeductions": 0,
      "bottomLineNetIncome": 3292000000,
      "eps": 1.05,
      "epsDiluted": 0.95,
      "weightedAverageShsOut": 3146000000,
      "weightedAverageShsOutDil": 3468000000
    },
    {
      "date": "2022-06-30",
      "symbol": "TSLA",
      "reportedCurrency": "USD",
      "cik": "0001318605",
      "filingDate": "2022-07-25",
      "acceptedDate": "2022-07-25 06:07:25",
      "fiscalYear": "2022",
      "period": "Q2",
      "revenue": 16934000000,
      "costOfRevenue": 12700000000,
      "grossProfit": 4234000000,
      "researchAndDevelopmentExpenses": 667000000,
      "generalAndAdministrativeExpenses": 961000000,
      "sellingAndMarketingExpenses": 0,
      "sellingGeneralAndAdministrativeExpenses": 961000000,
      "otherExpenses": 142000000,
      "operatingExpenses": 1770000000,
      "costAndExpenses": 14470000000,
      "netInterestIncome": -18000000,
      "interestIncome": 26000000,
      "interestExpense": 44000000,
      "depreciationAndAmortization": 922000000,
      "ebitda": 3440000000,
      "ebit": 2518000000,
      "nonOperatingIncomeExcludingInterest": -54000000,
      "operatingIncome": 2464000000,
      "totalOtherIncomeExpensesNet": 10000000,
      "incomeBeforeTax": 2474000000,
      "incomeTaxExpense": 205000000,
      "netIncomeFromContinuingOperations": 2269000000,
      "netIncomeFromDiscontinuedOperations": 0,
      "otherAdjustmentsToNetIncome": 0,
      "netIncome": 2259000000,
      "netIncomeDeductions": 0,
      "bottomLineNetIncome": 2256000000,
      "eps": 0.73,
      "epsDiluted": 0.65,
      "weightedAverageShsOut": 3111000000,
      "weightedAverageShsOutDil": 3464000000
    },
    {
      "date": "2022-03-31",
      "symbol": "TSLA",
      "reportedCurrency": "USD",
      "cik": "0001318605",
      "filingDate": "2022-04-25",
      "acceptedDate": "2022-04-22 21:36:59",
      "fiscalYear": "2022",
      "period": "Q1",
      "revenue": 18756000000,
      "costOfRevenue": 13296000000,
      "grossProfit": 5460000000,
      "researchAndDevelopmentExpenses": 865000000,
      "generalAndAdministrativeExpenses": 992000000,
      "sellingAndMarketingExpenses": 0,
      "sellingGeneralAndAdministrativeExpenses": 992000000,
      "otherExpenses": 0,
      "operatingExpenses": 1857000000,
      "costAndExpenses": 15153000000,
      "netInterestIncome": -33000000,
      "interestIncome": 28000000,
      "interestExpense": 61000000,
      "depreciationAndAmortization": 880000000,
      "ebitda": 4567000000,
      "ebit": 3687000000,
      "nonOperatingIncomeExcludingInterest": -84000000,
      "operatingIncome": 3603000000,
      "totalOtherIncomeExpensesNet": 23000000,
      "incomeBeforeTax": 3626000000,
      "incomeTaxExpense": 346000000,
      "netIncomeFromContinuingOperations": 3280000000,
      "netIncomeFromDiscontinuedOperations": 0,
      "otherAdjustmentsToNetIncome": 0,
      "netIncome": 3318000000,
      "netIncomeDeductions": 0,
      "bottomLineNetIncome": 3318000000,
      "eps": 1.07,
      "epsDiluted": 0.95,
      "weightedAverageShsOut": 3103000000,
      "weightedAverageShsOutDil": 3472000000
    },
    {
      "date": "2021-12-31",
      "symbol": "TSLA",
      "reportedCurrency": "USD",
      "cik": "0001318605",
      "filingDate": "2022-02-07",
      "acceptedDate": "2022-02-04 20:11:27",
      "fiscalYear": "2021",
      "period": "Q4",
      "revenue": 17719000000,
      "costOfRevenue": 12872000000,
      "grossProfit": 4847000000,
      "researchAndDevelopmentExpenses": 740000000,
      "generalAndAdministrativeExpenses": 1494000000,
      "sellingAndMarketingExpenses": 0,
      "sellingGeneralAndAdministrativeExpenses": 1494000000,
      "otherExpenses": 0,
      "operatingExpenses": 2234000000,
      "costAndExpenses": 15106000000,
      "netInterestIncome": -46000000,
      "interestIncome": 25000000,
      "interestExpense": 71000000,
      "depreciationAndAmortization": 848000000,
      "ebitda": 3554000000,
      "ebit": 2706000000,
      "nonOperatingIncomeExcludingInterest": -93000000,
      "operatingIncome": 2613000000,
      "totalOtherIncomeExpensesNet": 22000000,
      "incomeBeforeTax": 2635000000,
      "incomeTaxExpense": 292000000,
      "netIncomeFromContinuingOperations": 2343000000,
      "netIncomeFromDiscontinuedOperations": 0,
      "otherAdjustmentsToNetIncome": 0,
      "netIncome": 2321000000,
      "netIncomeDeductions": -14000000,
      "bottomLineNetIncome": 2335000000,
      "eps": 0.77,
      "epsDiluted": 0.54,
      "weightedAverageShsOut": 3045000000,
      "weightedAverageShsOutDil": 4305000000
    },
    {
      "date": "2021-09-30",
      "symbol": "TSLA",
      "reportedCurrency": "USD",
      "cik": "0001318605",
      "filingDate": "2021-10-25",
      "acceptedDate": "2021-10-25 06:12:15",
      "fiscalYear": "2021",
      "period": "Q3",
      "revenue": 13757000000,
      "costOfRevenue": 10097000000,
      "grossProfit": 3660000000,
      "researchAndDevelopmentExpenses": 611000000,
      "generalAndAdministrativeExpenses": 994000000,
      "sellingAndMarketingExpenses": 0,
      "sellingGeneralAndAdministrativeExpenses": 994000000,
      "otherExpenses": 51000000,
      "operatingExpenses": 1656000000,
      "costAndExpenses": 11753000000,
      "netInterestIncome": -116000000,
      "interestIncome": 10000000,
      "interestExpense": 126000000,
      "depreciationAndAmortization": 761000000,
      "ebitda": 2769000000,
      "ebit": 2008000000,
      "nonOperatingIncomeExcludingInterest": -4000000,
      "operatingIncome": 2004000000,
      "totalOtherIncomeExpensesNet": -122000000,
      "incomeBeforeTax": 1882000000,
      "incomeTaxExpense": 223000000,
      "netIncomeFromContinuingOperations": 1659000000,
      "netIncomeFromDiscontinuedOperations": 0,
      "otherAdjustmentsToNetIncome": 0,
      "netIncome": 1618000000,
      "netIncomeDeductions": -1000000,
      "bottomLineNetIncome": 1619000000,
      "eps": 0.54,
      "epsDiluted": 0.48,
      "weightedAverageShsOut": 2994000000,
      "weightedAverageShsOutDil": 3369000000
    },
    {
      "date": "2021-06-30",
      "symbol": "TSLA",
      "reportedCurrency": "USD",
      "cik": "0001318605",
      "filingDate": "2021-07-27",
      "acceptedDate": "2021-07-27 06:47:13",
      "fiscalYear": "2021",
      "period": "Q2",
      "revenue": 11958000000,
      "costOfRevenue": 9074000000,
      "grossProfit": 2884000000,
      "researchAndDevelopmentExpenses": 576000000,
      "generalAndAdministrativeExpenses": 973000000,
      "sellingAndMarketingExpenses": 0,
      "sellingGeneralAndAdministrativeExpenses": 973000000,
      "otherExpenses": 23000000,
      "operatingExpenses": 1572000000,
      "costAndExpenses": 10646000000,
      "netInterestIncome": -64000000,
      "interestIncome": 11000000,
      "interestExpense": 75000000,
      "depreciationAndAmortization": 681000000,
      "ebitda": 2049000000,
      "ebit": 1368000000,
      "nonOperatingIncomeExcludingInterest": -56000000,
      "operatingIncome": 1312000000,
      "totalOtherIncomeExpensesNet": -19000000,
      "incomeBeforeTax": 1293000000,
      "incomeTaxExpense": 115000000,
      "netIncomeFromContinuingOperations": 1178000000,
      "netIncomeFromDiscontinuedOperations": 0,
      "otherAdjustmentsToNetIncome": 0,
      "netIncome": 1142000000,
      "netIncomeDeductions": -2000000,
      "bottomLineNetIncome": 1144000000,
      "eps": 0.39,
      "epsDiluted": 0.34,
      "weightedAverageShsOut": 2913000000,
      "weightedAverageShsOutDil": 3357000000
    },
    {
      "date": "2021-03-31",
      "symbol": "TSLA",
      "reportedCurrency": "USD",
      "cik": "0001318605",
      "filingDate": "2021-04-28",
      "acceptedDate": "2021-04-27 20:02:05",
      "fiscalYear": "2021",
      "period": "Q1",
      "revenue": 10389000000,
      "costOfRevenue": 8174000000,
      "grossProfit": 2215000000,
      "researchAndDevelopmentExpenses": 666000000,
      "generalAndAdministrativeExpenses": 1056000000,
      "sellingAndMarketingExpenses": 0,
      "sellingGeneralAndAdministrativeExpenses": 1056000000,
      "otherExpenses": -101000000,
      "operatingExpenses": 1621000000,
      "costAndExpenses": 9795000000,
      "netInterestIncome": -89000000,
      "interestIncome": 10000000,
      "interestExpense": 99000000,
      "depreciationAndAmortization": 621000000,
      "ebitda": 1253000000,
      "ebit": 632000000,
      "nonOperatingIncomeExcludingInterest": -38000000,
      "operatingIncome": 594000000,
      "totalOtherIncomeExpensesNet": -61000000,
      "incomeBeforeTax": 533000000,
      "incomeTaxExpense": 69000000,
      "netIncomeFromContinuingOperations": 464000000,
      "netIncomeFromDiscontinuedOperations": 0,
      "otherAdjustmentsToNetIncome": 0,
      "netIncome": 438000000,
      "netIncomeDeductions": 0,
      "bottomLineNetIncome": 438000000,
      "eps": 0.15,
      "epsDiluted": 0.13,
      "weightedAverageShsOut": 2883000000,
      "weightedAverageShsOutDil": 3399000000
    },
    {
      "date": "2020-12-31",
      "symbol": "TSLA",
      "reportedCurrency": "USD",
      "cik": "0001318605",
      "filingDate": "2021-02-08",
      "acceptedDate": "2021-02-08 07:27:23",
      "fiscalYear": "2020",
      "period": "Q4",
      "revenue": 10744000000,
      "costOfRevenue": 8678000000,
      "grossProfit": 2066000000,
      "researchAndDevelopmentExpenses": 522000000,
      "generalAndAdministrativeExpenses": 969000000,
      "sellingAndMarketingExpenses": 0,
      "sellingGeneralAndAdministrativeExpenses": 969000000,
      "otherExpenses": 0,
      "operatingExpenses": 1491000000,
      "costAndExpenses": 10169000000,
      "netInterestIncome": -240000000,
      "interestIncome": 6000000,
      "interestExpense": 246000000,
      "depreciationAndAmortization": 618000000,
      "ebitda": 1243000000,
      "ebit": 625000000,
      "nonOperatingIncomeExcludingInterest": -50000000,
      "operatingIncome": 575000000,
      "totalOtherIncomeExpensesNet": -196000000,
      "incomeBeforeTax": 379000000,
      "incomeTaxExpense": 83000000,
      "netIncomeFromContinuingOperations": 296000000,
      "netIncomeFromDiscontinuedOperations": 0,
      "otherAdjustmentsToNetIncome": 0,
      "netIncome": 239000000,
      "netIncomeDeductions": 0,
      "bottomLineNetIncome": 239000000,
      "eps": 0.0838,
      "epsDiluted": 0.0709,
      "weightedAverageShsOut": 2853000000,
      "weightedAverageShsOutDil": 3372000000
    },
    {
      "date": "2020-09-30",
      "symbol": "TSLA",
      "reportedCurrency": "USD",
      "cik": "0001318605",
      "filingDate": "2020-10-26",
      "acceptedDate": "2020-10-26 06:06:44",
      "fiscalYear": "2020",
      "period": "Q3",
      "revenue": 8771000000,
      "costOfRevenue": 6708000000,
      "grossProfit": 2063000000,
      "researchAndDevelopmentExpenses": 366000000,
      "generalAndAdministrativeExpenses": 888000000,
      "sellingAndMarketingExpenses": 0,
      "sellingGeneralAndAdministrativeExpenses": 888000000,
      "otherExpenses": 0,
      "operatingExpenses": 1254000000,
      "costAndExpenses": 7962000000,
      "netInterestIncome": -157000000,
      "interestIncome": 6000000,
      "interestExpense": 163000000,
      "depreciationAndAmortization": 584000000,
      "ebitda": 1302000000,
      "ebit": 718000000,
      "nonOperatingIncomeExcludingInterest": 91000000,
      "operatingIncome": 809000000,
      "totalOtherIncomeExpensesNet": -254000000,
      "incomeBeforeTax": 555000000,
      "incomeTaxExpense": 186000000,
      "netIncomeFromContinuingOperations": 369000000,
      "netIncomeFromDiscontinuedOperations": 0,
      "otherAdjustmentsToNetIncome": -31000000,
      "netIncome": 300000000,
      "netIncomeDeductions": 0,
      "bottomLineNetIncome": 300000000,
      "eps": 0.11,
      "epsDiluted": 0.0905,
      "weightedAverageShsOut": 2811000000,
      "weightedAverageShsOutDil": 3315000000
    },
    {
      "date": "2020-06-30",
      "symbol": "TSLA",
      "reportedCurrency": "USD",
      "cik": "0001318605",
      "filingDate": "2020-07-28",
      "acceptedDate": "2020-07-28 06:03:48",
      "fiscalYear": "2020",
      "period": "Q2",
      "revenue": 6036000000,
      "costOfRevenue": 4769000000,
      "grossProfit": 1267000000,
      "researchAndDevelopmentExpenses": 279000000,
      "generalAndAdministrativeExpenses": 661000000,
      "sellingAndMarketingExpenses": 0,
      "sellingGeneralAndAdministrativeExpenses": 661000000,
      "otherExpenses": 0,
      "operatingExpenses": 940000000,
      "costAndExpenses": 5709000000,
      "netInterestIncome": -162000000,
      "interestIncome": 8000000,
      "interestExpense": 170000000,
      "depreciationAndAmortization": 567000000,
      "ebitda": 887000000,
      "ebit": 320000000,
      "nonOperatingIncomeExcludingInterest": 7000000,
      "operatingIncome": 327000000,
      "totalOtherIncomeExpensesNet": -177000000,
      "incomeBeforeTax": 150000000,
      "incomeTaxExpense": 21000000,
      "netIncomeFromContinuingOperations": 129000000,
      "netIncomeFromDiscontinuedOperations": 0,
      "otherAdjustmentsToNetIncome": 0,
      "netIncome": 104000000,
      "netIncomeDeductions": 0,
      "bottomLineNetIncome": 104000000,
      "eps": 0.0373,
      "epsDiluted": 0.0335,
      "weightedAverageShsOut": 2790000000,
      "weightedAverageShsOutDil": 3108000000
    },
    {
      "date": "2020-03-31",
      "symbol": "TSLA",
      "reportedCurrency": "USD",
      "cik": "0001318605",
      "filingDate": "2020-04-30",
      "acceptedDate": "2020-04-30 06:26:18",
      "fiscalYear": "2020",
      "period": "Q1",
      "revenue": 5985000000,
      "costOfRevenue": 4751000000,
      "grossProfit": 1234000000,
      "researchAndDevelopmentExpenses": 324000000,
      "generalAndAdministrativeExpenses": 627000000,
      "sellingAndMarketingExpenses": 0,
      "sellingGeneralAndAdministrativeExpenses": 627000000,
      "otherExpenses": 0,
      "operatingExpenses": 951000000,
      "costAndExpenses": 5702000000,
      "netInterestIncome": -159000000,
      "interestIncome": 10000000,
      "interestExpense": 169000000,
      "depreciationAndAmortization": 553000000,
      "ebitda": 792000000,
      "ebit": 239000000,
      "nonOperatingIncomeExcludingInterest": 44000000,
      "operatingIncome": 283000000,
      "totalOtherIncomeExpensesNet": -213000000,
      "incomeBeforeTax": 70000000,
      "incomeTaxExpense": 2000000,
      "netIncomeFromContinuingOperations": 68000000,
      "netIncomeFromDiscontinuedOperations": 0,
      "otherAdjustmentsToNetIncome": 0,
      "netIncome": 16000000,
      "netIncomeDeductions": 0,
      "bottomLineNetIncome": 16000000,
      "eps": 0.0058,
      "epsDiluted": 0.0054,
      "weightedAverageShsOut": 2745000000,
      "weightedAverageShsOutDil": 2982000000
    },
    {
      "date": "2019-12-31",
      "symbol": "TSLA",
      "reportedCurrency": "USD",
      "cik": "0001318605",
      "filingDate": "2020-02-13",
      "acceptedDate": "2020-02-13 07:12:18",
      "fiscalYear": "2019",
      "period": "Q4",
      "revenue": 7384000000,
      "costOfRevenue": 5993000000,
      "grossProfit": 1391000000,
      "researchAndDevelopmentExpenses": 344928000,
      "generalAndAdministrativeExpenses": 699000000,
      "sellingAndMarketingExpenses": 0,
      "sellingGeneralAndAdministrativeExpenses": 699000000,
      "otherExpenses": 72000,
      "operatingExpenses": 1044000000,
      "costAndExpenses": 7025000000,
      "netInterestIncome": -160000000,
      "interestIncome": 10000000,
      "interestExpense": 170000000,
      "depreciationAndAmortization": 577000000,
      "ebitda": 921000000,
      "ebit": 344000000,
      "nonOperatingIncomeExcludingInterest": 15000000,
      "operatingIncome": 359000000,
      "totalOtherIncomeExpensesNet": -185000000,
      "incomeBeforeTax": 174000000,
      "incomeTaxExpense": 42000000,
      "netIncomeFromContinuingOperations": 132000000,
      "netIncomeFromDiscontinuedOperations": 0,
      "otherAdjustmentsToNetIncome": 0,
      "netIncome": 105000000,
      "netIncomeDeductions": 0,
      "bottomLineNetIncome": 105000000,
      "eps": 0.0389,
      "epsDiluted": 0.0374,
      "weightedAverageShsOut": 2700000000,
      "weightedAverageShsOutDil": 2805000000
    },
    {
      "date": "2019-09-30",
      "symbol": "TSLA",
      "reportedCurrency": "USD",
      "cik": "0001318605",
      "filingDate": "2019-10-29",
      "acceptedDate": "2019-10-29 07:23:29",
      "fiscalYear": "2019",
      "period": "Q3",
      "revenue": 6303000000,
      "costOfRevenue": 5112000000,
      "grossProfit": 1191000000,
      "researchAndDevelopmentExpenses": 334000000,
      "generalAndAdministrativeExpenses": 596000000,
      "sellingAndMarketingExpenses": 0,
      "sellingGeneralAndAdministrativeExpenses": 596000000,
      "otherExpenses": 0,
      "operatingExpenses": 930000000,
      "costAndExpenses": 6042000000,
      "netInterestIncome": -170000000,
      "interestIncome": 15000000,
      "interestExpense": 185000000,
      "depreciationAndAmortization": 530000000,
      "ebitda": 891000000,
      "ebit": 361000000,
      "nonOperatingIncomeExcludingInterest": -100000000,
      "operatingIncome": 261000000,
      "totalOtherIncomeExpensesNet": -85000000,
      "incomeBeforeTax": 176000000,
      "incomeTaxExpense": 26000000,
      "netIncomeFromContinuingOperations": 150000000,
      "netIncomeFromDiscontinuedOperations": 0,
      "otherAdjustmentsToNetIncome": 0,
      "netIncome": 143000000,
      "netIncomeDeductions": 0,
      "bottomLineNetIncome": 143000000,
      "eps": 0.0531,
      "epsDiluted": 0.0517,
      "weightedAverageShsOut": 2691000000,
      "weightedAverageShsOutDil": 2766000000
    },
    {
      "date": "2019-06-30",
      "symbol": "TSLA",
      "reportedCurrency": "USD",
      "cik": "0001318605",
      "filingDate": "2019-07-29",
      "acceptedDate": "2019-07-29 06:21:00",
      "fiscalYear": "2019",
      "period": "Q2",
      "revenue": 6349676000,
      "costOfRevenue": 5428630000,
      "grossProfit": 921046000,
      "researchAndDevelopmentExpenses": 324000000,
      "generalAndAdministrativeExpenses": 647000000,
      "sellingAndMarketingExpenses": 0,
      "sellingGeneralAndAdministrativeExpenses": 647000000,
      "otherExpenses": 117000000,
      "operatingExpenses": 1088000000,
      "costAndExpenses": 6517134000,
      "netInterestIncome": -162000000,
      "interestIncome": 10000000,
      "interestExpense": 172000000,
      "depreciationAndAmortization": 579000000,
      "ebitda": 381000000,
      "ebit": -197852000,
      "nonOperatingIncomeExcludingInterest": 30852000,
      "operatingIncome": -167000000,
      "totalOtherIncomeExpensesNet": -203000000,
      "incomeBeforeTax": -370000000,
      "incomeTaxExpense": 19000000,
      "netIncomeFromContinuingOperations": -389000000,
      "netIncomeFromDiscontinuedOperations": 0,
      "otherAdjustmentsToNetIncome": 0,
      "netIncome": -408000000,
      "netIncomeDeductions": 0,
      "bottomLineNetIncome": -408000000,
      "eps": -0.15,
      "epsDiluted": -0.15,
      "weightedAverageShsOut": 2655000000,
      "weightedAverageShsOutDil": 2655000000
    },
    {
      "date": "2019-03-31",
      "symbol": "TSLA",
      "reportedCurrency": "USD",
      "cik": "0001318605",
      "filingDate": "2019-04-29",
      "acceptedDate": "2019-04-29 06:09:07",
      "fiscalYear": "2019",
      "period": "Q1",
      "revenue": 4541464000,
      "costOfRevenue": 3975721000,
      "grossProfit": 565743000,
      "researchAndDevelopmentExpenses": 340174000,
      "generalAndAdministrativeExpenses": 704000000,
      "sellingAndMarketingExpenses": 0,
      "sellingGeneralAndAdministrativeExpenses": 704000000,
      "otherExpenses": 43826000,
      "operatingExpenses": 1088000000,
      "costAndExpenses": 5063295000,
      "netInterestIncome": -149000000,
      "interestIncome": 9000000,
      "interestExpense": 158000000,
      "depreciationAndAmortization": 468000000,
      "ebitda": -19000000,
      "ebit": -487000000,
      "nonOperatingIncomeExcludingInterest": -35000000,
      "operatingIncome": -522000000,
      "totalOtherIncomeExpensesNet": -123000000,
      "incomeBeforeTax": -645000000,
      "incomeTaxExpense": 23000000,
      "netIncomeFromContinuingOperations": -668000000,
      "netIncomeFromDiscontinuedOperations": 0,
      "otherAdjustmentsToNetIncome": 0,
      "netIncome": -702000000,
      "netIncomeDeductions": 0,
      "bottomLineNetIncome": -702000000,
      "eps": -0.27,
      "epsDiluted": -0.27,
      "weightedAverageShsOut": 2595000000,
      "weightedAverageShsOutDil": 2595000000
    },
    {
      "date": "2018-12-31",
      "symbol": "TSLA",
      "reportedCurrency": "USD",
      "cik": "0001318605",
      "filingDate": "2019-02-19",
      "acceptedDate": "2019-02-19 06:10:16",
      "fiscalYear": "2018",
      "period": "Q4",
      "revenue": 7225873000,
      "costOfRevenue": 5782973000,
      "grossProfit": 1442900000,
      "researchAndDevelopmentExpenses": 356000000,
      "generalAndAdministrativeExpenses": 635452000,
      "sellingAndMarketingExpenses": 32000000,
      "sellingGeneralAndAdministrativeExpenses": 667452000,
      "otherExpenses": 5912000,
      "operatingExpenses": 1029364000,
      "costAndExpenses": 6812337000,
      "netInterestIncome": -167375000,
      "interestIncome": 7348000,
      "interestExpense": 174723000,
      "depreciationAndAmortization": 496737000,
      "ebitda": 903416000,
      "ebit": 406679000,
      "nonOperatingIncomeExcludingInterest": 6857000,
      "operatingIncome": 413536000,
      "totalOtherIncomeExpensesNet": -181580000,
      "incomeBeforeTax": 231956000,
      "incomeTaxExpense": 21878000,
      "netIncomeFromContinuingOperations": 210078000,
      "netIncomeFromDiscontinuedOperations": 0,
      "otherAdjustmentsToNetIncome": 0,
      "netIncome": 139483000,
      "netIncomeDeductions": 0,
      "bottomLineNetIncome": 139483000,
      "eps": 0.0541,
      "epsDiluted": 0.0519,
      "weightedAverageShsOut": 2580390000,
      "weightedAverageShsOutDil": 2685390000
    },
    {
      "date": "2018-09-30",
      "symbol": "TSLA",
      "reportedCurrency": "USD",
      "cik": "0001318605",
      "filingDate": "2018-11-02",
      "acceptedDate": "2018-11-01 20:38:56",
      "fiscalYear": "2018",
      "period": "Q3",
      "revenue": 6824000000,
      "costOfRevenue": 5300000000,
      "grossProfit": 1524000000,
      "researchAndDevelopmentExpenses": 351000000,
      "generalAndAdministrativeExpenses": 730000000,
      "sellingAndMarketingExpenses": 0,
      "sellingGeneralAndAdministrativeExpenses": 730000000,
      "otherExpenses": 27000000,
      "operatingExpenses": 1108000000,
      "costAndExpenses": 6407656000,
      "netInterestIncome": -168000000,
      "interestIncome": 7000000,
      "interestExpense": 175000000,
      "depreciationAndAmortization": 502512000,
      "ebitda": 948512000,
      "ebit": 446000000,
      "nonOperatingIncomeExcludingInterest": -30000000,
      "operatingIncome": 416000000,
      "totalOtherIncomeExpensesNet": -145000000,
      "incomeBeforeTax": 271000000,
      "incomeTaxExpense": 17000000,
      "netIncomeFromContinuingOperations": 254000000,
      "netIncomeFromDiscontinuedOperations": 0,
      "otherAdjustmentsToNetIncome": 0,
      "netIncome": 311000000,
      "netIncomeDeductions": 0,
      "bottomLineNetIncome": 311000000,
      "eps": 0.12,
      "epsDiluted": 0.12,
      "weightedAverageShsOut": 2563395000,
      "weightedAverageShsOutDil": 2563395000
    },
    {
      "date": "2018-06-30",
      "symbol": "TSLA",
      "reportedCurrency": "USD",
      "cik": "0001318605",
      "filingDate": "2018-08-06",
      "acceptedDate": "2018-08-03 21:56:44",
      "fiscalYear": "2018",
      "period": "Q2",
      "revenue": 4002231000,
      "costOfRevenue": 3383301000,
      "grossProfit": 618930000,
      "researchAndDevelopmentExpenses": 386129000,
      "generalAndAdministrativeExpenses": 750759000,
      "sellingAndMarketingExpenses": 0,
      "sellingGeneralAndAdministrativeExpenses": 750759000,
      "otherExpenses": 103434000,
      "operatingExpenses": 1240322000,
      "costAndExpenses": 4623623000,
      "netInterestIncome": -158518000,
      "interestIncome": 5064000,
      "interestExpense": 163582000,
      "depreciationAndAmortization": 485255000,
      "ebitda": -80162000,
      "ebit": -565417000,
      "nonOperatingIncomeExcludingInterest": -55975000,
      "operatingIncome": -621392000,
      "totalOtherIncomeExpensesNet": -107607000,
      "incomeBeforeTax": -728999000,
      "incomeTaxExpense": 13707000,
      "netIncomeFromContinuingOperations": -742706000,
      "netIncomeFromDiscontinuedOperations": 0,
      "otherAdjustmentsToNetIncome": 0,
      "netIncome": -717539000,
      "netIncomeDeductions": 0,
      "bottomLineNetIncome": -717539000,
      "eps": -0.28,
      "epsDiluted": -0.28,
      "weightedAverageShsOut": 2549955000,
      "weightedAverageShsOutDil": 2549955000
    },
    {
      "date": "2018-03-31",
      "symbol": "TSLA",
      "reportedCurrency": "USD",
      "cik": "0001318605",
      "filingDate": "2018-05-07",
      "acceptedDate": "2018-05-04 21:46:25",
      "fiscalYear": "2018",
      "period": "Q1",
      "revenue": 3408751000,
      "costOfRevenue": 2952225000,
      "grossProfit": 456526000,
      "researchAndDevelopmentExpenses": 367096000,
      "generalAndAdministrativeExpenses": 686404000,
      "sellingAndMarketingExpenses": 0,
      "sellingGeneralAndAdministrativeExpenses": 686404000,
      "otherExpenses": 0,
      "operatingExpenses": 1053500000,
      "costAndExpenses": 4005725000,
      "netInterestIncome": -144332000,
      "interestIncome": 5214000,
      "interestExpense": 149546000,
      "depreciationAndAmortization": 416233000,
      "ebitda": -213243000,
      "ebit": -629476000,
      "nonOperatingIncomeExcludingInterest": 32502000,
      "operatingIncome": -596974000,
      "totalOtherIncomeExpensesNet": -182048000,
      "incomeBeforeTax": -779022000,
      "incomeTaxExpense": 5605000,
      "netIncomeFromContinuingOperations": -784627000,
      "netIncomeFromDiscontinuedOperations": 0,
      "otherAdjustmentsToNetIncome": 0,
      "netIncome": -709551000,
      "netIncomeDeductions": 0,
      "bottomLineNetIncome": -709551000,
      "eps": -0.28,
      "epsDiluted": -0.28,
      "weightedAverageShsOut": 2537190000,
      "weightedAverageShsOutDil": 2537190000
    },
    {
      "date": "2017-12-31",
      "symbol": "TSLA",
      "reportedCurrency": "USD",
      "cik": "0001318605",
      "filingDate": "2018-02-23",
      "acceptedDate": "2018-02-23 06:07:43",
      "fiscalYear": "2017",
      "period": "Q4",
      "revenue": 3288249000,
      "costOfRevenue": 2849463000,
      "grossProfit": 438786000,
      "researchAndDevelopmentExpenses": 354637000,
      "generalAndAdministrativeExpenses": 615790000,
      "sellingAndMarketingExpenses": 66500000,
      "sellingGeneralAndAdministrativeExpenses": 682290000,
      "otherExpenses": 0,
      "operatingExpenses": 1036927000,
      "costAndExpenses": 3886390000,
      "netInterestIncome": -140083000,
      "interestIncome": 6280000,
      "interestExpense": 146363000,
      "depreciationAndAmortization": 469606000,
      "ebitda": -163932000,
      "ebit": -633538000,
      "nonOperatingIncomeExcludingInterest": 35397000,
      "operatingIncome": -598141000,
      "totalOtherIncomeExpensesNet": -181760000,
      "incomeBeforeTax": -779901000,
      "incomeTaxExpense": -9094000,
      "netIncomeFromContinuingOperations": -770807000,
      "netIncomeFromDiscontinuedOperations": 0,
      "otherAdjustmentsToNetIncome": 0,
      "netIncome": -675350000,
      "netIncomeDeductions": 0,
      "bottomLineNetIncome": -675350000,
      "eps": -0.27,
      "epsDiluted": -0.27,
      "weightedAverageShsOut": 2524710000,
      "weightedAverageShsOutDil": 2524710000
    },
    {
      "date": "2017-09-30",
      "symbol": "TSLA",
      "reportedCurrency": "USD",
      "cik": "0001318605",
      "filingDate": "2017-11-03",
      "acceptedDate": "2017-11-02 19:56:36",
      "fiscalYear": "2017",
      "period": "Q3",
      "revenue": 2984675000,
      "costOfRevenue": 2535535000,
      "grossProfit": 449140000,
      "researchAndDevelopmentExpenses": 331622000,
      "generalAndAdministrativeExpenses": 652998000,
      "sellingAndMarketingExpenses": 0,
      "sellingGeneralAndAdministrativeExpenses": 652998000,
      "otherExpenses": 0,
      "operatingExpenses": 984620000,
      "costAndExpenses": 3520155000,
      "netInterestIncome": -111578000,
      "interestIncome": 5531000,
      "interestExpense": 117109000,
      "depreciationAndAmortization": 400624000,
      "ebitda": -153715000,
      "ebit": -554339000,
      "nonOperatingIncomeExcludingInterest": 18859000,
      "operatingIncome": -535480000,
      "totalOtherIncomeExpensesNet": -135968000,
      "incomeBeforeTax": -671448000,
      "incomeTaxExpense": -285000,
      "netIncomeFromContinuingOperations": -671163000,
      "netIncomeFromDiscontinuedOperations": 0,
      "otherAdjustmentsToNetIncome": 0,
      "netIncome": -619376000,
      "netIncomeDeductions": 0,
      "bottomLineNetIncome": -619376000,
      "eps": -0.25,
      "epsDiluted": -0.25,
      "weightedAverageShsOut": 2509410000,
      "weightedAverageShsOutDil": 2509410000
    },
    {
      "date": "2017-06-30",
      "symbol": "TSLA",
      "reportedCurrency": "USD",
      "cik": "0001318605",
      "filingDate": "2017-08-04",
      "acceptedDate": "2017-08-04 17:15:55",
      "fiscalYear": "2017",
      "period": "Q2",
      "revenue": 2789557000,
      "costOfRevenue": 2122942000,
      "grossProfit": 666615000,
      "researchAndDevelopmentExpenses": 369774000,
      "generalAndAdministrativeExpenses": 537757000,
      "sellingAndMarketingExpenses": 0,
      "sellingGeneralAndAdministrativeExpenses": 537757000,
      "otherExpenses": 0,
      "operatingExpenses": 907531000,
      "costAndExpenses": 3030473000,
      "netInterestIncome": -103656000,
      "interestIncome": 4785000,
      "interestExpense": 108441000,
      "depreciationAndAmortization": 389171000,
      "ebitda": 111832000,
      "ebit": -277339000,
      "nonOperatingIncomeExcludingInterest": 36423000,
      "operatingIncome": -240916000,
      "totalOtherIncomeExpensesNet": -144864000,
      "incomeBeforeTax": -385780000,
      "incomeTaxExpense": 15647000,
      "netIncomeFromContinuingOperations": -401427000,
      "netIncomeFromDiscontinuedOperations": 0,
      "otherAdjustmentsToNetIncome": 0,
      "netIncome": -336397000,
      "netIncomeDeductions": 0,
      "bottomLineNetIncome": -336397000,
      "eps": -0.14,
      "epsDiluted": -0.14,
      "weightedAverageShsOut": 2478180000,
      "weightedAverageShsOutDil": 2478180000
    },
    {
      "date": "2017-03-31",
      "symbol": "TSLA",
      "reportedCurrency": "USD",
      "cik": "0001318605",
      "filingDate": "2017-05-10",
      "acceptedDate": "2017-05-09 17:56:24",
      "fiscalYear": "2017",
      "period": "Q1",
      "revenue": 2696270000,
      "costOfRevenue": 2028324000,
      "grossProfit": 667946000,
      "researchAndDevelopmentExpenses": 322040000,
      "generalAndAdministrativeExpenses": 603455000,
      "sellingAndMarketingExpenses": 0,
      "sellingGeneralAndAdministrativeExpenses": 603455000,
      "otherExpenses": 0,
      "operatingExpenses": 925495000,
      "costAndExpenses": 2953819000,
      "netInterestIncome": -96256000,
      "interestIncome": 3090000,
      "interestExpense": 99346000,
      "depreciationAndAmortization": 376602000,
      "ebitda": 104045000,
      "ebit": -272557000,
      "nonOperatingIncomeExcludingInterest": 15008000,
      "operatingIncome": -257549000,
      "totalOtherIncomeExpensesNet": -114354000,
      "incomeBeforeTax": -371903000,
      "incomeTaxExpense": 25278000,
      "netIncomeFromContinuingOperations": -397181000,
      "netIncomeFromDiscontinuedOperations": 0,
      "otherAdjustmentsToNetIncome": 0,
      "netIncome": -330277000,
      "netIncomeDeductions": 0,
      "bottomLineNetIncome": -330277000,
      "eps": -0.14,
      "epsDiluted": -0.14,
      "weightedAverageShsOut": 2431935000,
      "weightedAverageShsOutDil": 2431935000
    },
    {
      "date": "2016-12-31",
      "symbol": "TSLA",
      "reportedCurrency": "USD",
      "cik": "0001318605",
      "filingDate": "2017-03-01",
      "acceptedDate": "2017-03-01 16:54:21",
      "fiscalYear": "2016",
      "period": "Q4",
      "revenue": 2284631000,
      "costOfRevenue": 1849353000,
      "grossProfit": 435278000,
      "researchAndDevelopmentExpenses": 245960000,
      "generalAndAdministrativeExpenses": 408016000,
      "sellingAndMarketingExpenses": 48000000,
      "sellingGeneralAndAdministrativeExpenses": 456016000,
      "otherExpenses": 0,
      "operatingExpenses": 701976000,
      "costAndExpenses": 2551329000,
      "netInterestIncome": -62925000,
      "interestIncome": 2179000,
      "interestExpense": 65104000,
      "depreciationAndAmortization": 326939000,
      "ebitda": 183644000,
      "ebit": -143295000,
      "nonOperatingIncomeExcludingInterest": -123403000,
      "operatingIncome": -266698000,
      "totalOtherIncomeExpensesNet": 58299000,
      "incomeBeforeTax": -208399000,
      "incomeTaxExpense": 11070000,
      "netIncomeFromContinuingOperations": -219469000,
      "netIncomeFromDiscontinuedOperations": 0,
      "otherAdjustmentsToNetIncome": 0,
      "netIncome": -121337000,
      "netIncomeDeductions": 0,
      "bottomLineNetIncome": -121337000,
      "eps": -0.0522,
      "epsDiluted": -0.0522,
      "weightedAverageShsOut": 2325360000,
      "weightedAverageShsOutDil": 2325360000
    },
    {
      "date": "2016-09-30",
      "symbol": "TSLA",
      "reportedCurrency": "USD",
      "cik": "0001318605",
      "filingDate": "2016-11-02",
      "acceptedDate": "2016-11-01 21:08:34",
      "fiscalYear": "2016",
      "period": "Q3",
      "revenue": 2298436000,
      "costOfRevenue": 1661701000,
      "grossProfit": 636735000,
      "researchAndDevelopmentExpenses": 214302000,
      "generalAndAdministrativeExpenses": 336811000,
      "sellingAndMarketingExpenses": 0,
      "sellingGeneralAndAdministrativeExpenses": 336811000,
      "otherExpenses": 0,
      "operatingExpenses": 551113000,
      "costAndExpenses": 2212814000,
      "netInterestIncome": -43855000,
      "interestIncome": 2858000,
      "interestExpense": 46713000,
      "depreciationAndAmortization": 280468000,
      "ebitda": 357192000,
      "ebit": 76724000,
      "nonOperatingIncomeExcludingInterest": 8898000,
      "operatingIncome": 85622000,
      "totalOtherIncomeExpensesNet": -55611000,
      "incomeBeforeTax": 30011000,
      "incomeTaxExpense": 8133000,
      "netIncomeFromContinuingOperations": 21878000,
      "netIncomeFromDiscontinuedOperations": 0,
      "otherAdjustmentsToNetIncome": 0,
      "netIncome": 21878000,
      "netIncomeDeductions": 0,
      "bottomLineNetIncome": 21878000,
      "eps": 0.0098,
      "epsDiluted": 0.0093,
      "weightedAverageShsOut": 2234865000,
      "weightedAverageShsOutDil": 2354025000
    },
    {
      "date": "2016-06-30",
      "symbol": "TSLA",
      "reportedCurrency": "USD",
      "cik": "0001318605",
      "filingDate": "2016-08-05",
      "acceptedDate": "2016-08-05 17:21:19",
      "fiscalYear": "2016",
      "period": "Q2",
      "revenue": 1270017000,
      "costOfRevenue": 995241000,
      "grossProfit": 274776000,
      "researchAndDevelopmentExpenses": 191664000,
      "generalAndAdministrativeExpenses": 321152000,
      "sellingAndMarketingExpenses": 0,
      "sellingGeneralAndAdministrativeExpenses": 321152000,
      "otherExpenses": 0,
      "operatingExpenses": 512816000,
      "costAndExpenses": 1508057000,
      "netInterestIncome": -44126000,
      "interestIncome": 2242000,
      "interestExpense": 46368000,
      "depreciationAndAmortization": 183232000,
      "ebitda": -59939000,
      "ebit": -243171000,
      "nonOperatingIncomeExcludingInterest": 5131000,
      "operatingIncome": -238040000,
      "totalOtherIncomeExpensesNet": -51499000,
      "incomeBeforeTax": -289539000,
      "incomeTaxExpense": 3649000,
      "netIncomeFromContinuingOperations": -293188000,
      "netIncomeFromDiscontinuedOperations": 0,
      "otherAdjustmentsToNetIncome": 0,
      "netIncome": -293188000,
      "netIncomeDeductions": 0,
      "bottomLineNetIncome": -293188000,
      "eps": -0.14,
      "epsDiluted": -0.14,
      "weightedAverageShsOut": 2099745000,
      "weightedAverageShsOutDil": 2099745000
    },
    {
      "date": "2016-03-31",
      "symbol": "TSLA",
      "reportedCurrency": "USD",
      "cik": "0001318605",
      "filingDate": "2016-05-10",
      "acceptedDate": "2016-05-10 15:27:20",
      "fiscalYear": "2016",
      "period": "Q1",
      "revenue": 1147048000,
      "costOfRevenue": 894580000,
      "grossProfit": 252468000,
      "researchAndDevelopmentExpenses": 182482000,
      "generalAndAdministrativeExpenses": 318210000,
      "sellingAndMarketingExpenses": 0,
      "sellingGeneralAndAdministrativeExpenses": 318210000,
      "otherExpenses": 0,
      "operatingExpenses": 500692000,
      "costAndExpenses": 1395272000,
      "netInterestIncome": -39374000,
      "interestIncome": 1251000,
      "interestExpense": 40625000,
      "depreciationAndAmortization": 156460000,
      "ebitda": -81336000,
      "ebit": -237796000,
      "nonOperatingIncomeExcludingInterest": -10428000,
      "operatingIncome": -248224000,
      "totalOtherIncomeExpensesNet": -30197000,
      "incomeBeforeTax": -278421000,
      "incomeTaxExpense": 3846000,
      "netIncomeFromContinuingOperations": -282267000,
      "netIncomeFromDiscontinuedOperations": 0,
      "otherAdjustmentsToNetIncome": 0,
      "netIncome": -282267000,
      "netIncomeDeductions": 0,
      "bottomLineNetIncome": -282267000,
      "eps": -0.14,
      "epsDiluted": -0.14,
      "weightedAverageShsOut": 1990140000,
      "weightedAverageShsOutDil": 1990140000
    },
    {
      "date": "2015-12-31",
      "symbol": "TSLA",
      "reportedCurrency": "USD",
      "cik": "0001318605",
      "filingDate": "2016-02-24",
      "acceptedDate": "2016-02-24 16:17:56",
      "fiscalYear": "2015",
      "period": "Q4",
      "revenue": 1214380000,
      "costOfRevenue": 995816000,
      "grossProfit": 218564000,
      "researchAndDevelopmentExpenses": 190243000,
      "generalAndAdministrativeExpenses": 230354000,
      "sellingAndMarketingExpenses": 58300000,
      "sellingGeneralAndAdministrativeExpenses": 288654000,
      "otherExpenses": 0,
      "operatingExpenses": 478897000,
      "costAndExpenses": 1474713000,
      "netInterestIncome": -37867000,
      "interestIncome": 750000,
      "interestExpense": 38617000,
      "depreciationAndAmortization": 143723000,
      "ebitda": -133009000,
      "ebit": -276732000,
      "nonOperatingIncomeExcludingInterest": 16399000,
      "operatingIncome": -260333000,
      "totalOtherIncomeExpensesNet": -55016000,
      "incomeBeforeTax": -315349000,
      "incomeTaxExpense": 5048000,
      "netIncomeFromContinuingOperations": -320397000,
      "netIncomeFromDiscontinuedOperations": 0,
      "otherAdjustmentsToNetIncome": 0,
      "netIncome": -320397000,
      "netIncomeDeductions": 0,
      "bottomLineNetIncome": -320397000,
      "eps": -0.16,
      "epsDiluted": -0.16,
      "weightedAverageShsOut": 1966500000,
      "weightedAverageShsOutDil": 1966500000
    },
    {
      "date": "2015-09-30",
      "symbol": "TSLA",
      "reportedCurrency": "USD",
      "cik": "0001318605",
      "filingDate": "2015-11-05",
      "acceptedDate": "2015-11-05 17:15:13",
      "fiscalYear": "2015",
      "period": "Q3",
      "revenue": 936789000,
      "costOfRevenue": 705293000,
      "grossProfit": 231496000,
      "researchAndDevelopmentExpenses": 178791000,
      "generalAndAdministrativeExpenses": 236367000,
      "sellingAndMarketingExpenses": 0,
      "sellingGeneralAndAdministrativeExpenses": 236367000,
      "otherExpenses": 0,
      "operatingExpenses": 415158000,
      "costAndExpenses": 1120451000,
      "netInterestIncome": -28981000,
      "interestIncome": 327000,
      "interestExpense": 29308000,
      "depreciationAndAmortization": 110366000,
      "ebitda": -88400000,
      "ebit": -198766000,
      "nonOperatingIncomeExcludingInterest": 15104000,
      "operatingIncome": -183662000,
      "totalOtherIncomeExpensesNet": -44412000,
      "incomeBeforeTax": -228074000,
      "incomeTaxExpense": 1784000,
      "netIncomeFromContinuingOperations": -229858000,
      "netIncomeFromDiscontinuedOperations": 0,
      "otherAdjustmentsToNetIncome": 0,
      "netIncome": -229858000,
      "netIncomeDeductions": 0,
      "bottomLineNetIncome": -229858000,
      "eps": -0.12,
      "epsDiluted": -0.12,
      "weightedAverageShsOut": 1935090000,
      "weightedAverageShsOutDil": 1935090000
    }
  ]
}