{
  "ticker": "WYNN",
  "endpoint": "income-statement",
  "fetched_at": "2025-09-05T14:21:35.414821",
  "data": [
    {
      "date": "2025-06-30",
      "symbol": "WYNN",
      "reportedCurrency": "USD",
      "cik": "0001174922",
      "filingDate": "2025-08-07",
      "acceptedDate": "2025-08-07 17:03:12",
      "fiscalYear": "2025",
      "period": "Q2",
      "revenue": 1737797000,
      "costOfRevenue": 1011591000,
      "grossProfit": 726206000,
      "researchAndDevelopmentExpenses": 0,
      "generalAndAdministrativeExpenses": 280815000,
      "sellingAndMarketingExpenses": 0,
      "sellingGeneralAndAdministrativeExpenses": 280815000,
      "otherExpenses": 180791000,
      "operatingExpenses": 461606000,
      "costAndExpenses": 1473197000,
      "netInterestIncome": -138692000,
      "interestIncome": 15859000,
      "interestExpense": 154551000,
      "depreciationAndAmortization": 152907000,
      "ebitda": 395007000,
      "ebit": 242100000,
      "nonOperatingIncomeExcludingInterest": 22500000,
      "operatingIncome": 264600000,
      "totalOtherIncomeExpensesNet": -177051000,
      "incomeBeforeTax": 87549000,
      "incomeTaxExpense": 10588000,
      "netIncomeFromContinuingOperations": 76961000,
      "netIncomeFromDiscontinuedOperations": 0,
      "otherAdjustmentsToNetIncome": 0,
      "netIncome": 66218000,
      "netIncomeDeductions": 0,
      "bottomLineNetIncome": 66218000,
      "eps": 0.64,
      "epsDiluted": 0.64,
      "weightedAverageShsOut": 103491000,
      "weightedAverageShsOutDil": 103780000
    },
    {
      "date": "2025-03-31",
      "symbol": "WYNN",
      "reportedCurrency": "USD",
      "cik": "0001174922",
      "filingDate": "2025-05-06",
      "acceptedDate": "2025-05-06 17:00:26",
      "fiscalYear": "2025",
      "period": "Q1",
      "revenue": 1700397000,
      "costOfRevenue": 981783000,
      "grossProfit": 718614000,
      "researchAndDevelopmentExpenses": 0,
      "generalAndAdministrativeExpenses": 275689000,
      "sellingAndMarketingExpenses": 0,
      "sellingGeneralAndAdministrativeExpenses": 275689000,
      "otherExpenses": 174336000,
      "operatingExpenses": 450025000,
      "costAndExpenses": 1431808000,
      "netInterestIncome": -138249000,
      "interestIncome": 19359000,
      "interestExpense": 157608000,
      "depreciationAndAmortization": 155421000,
      "ebitda": 405456000,
      "ebit": 250035000,
      "nonOperatingIncomeExcludingInterest": 18554000,
      "operatingIncome": 268589000,
      "totalOtherIncomeExpensesNet": -176162000,
      "incomeBeforeTax": 92427000,
      "incomeTaxExpense": 11022000,
      "netIncomeFromContinuingOperations": 81405000,
      "netIncomeFromDiscontinuedOperations": 0,
      "otherAdjustmentsToNetIncome": 0,
      "netIncome": 72747000,
      "netIncomeDeductions": 0,
      "bottomLineNetIncome": 72747000,
      "eps": 0.69,
      "epsDiluted": 0.69,
      "weightedAverageShsOut": 105492000,
      "weightedAverageShsOutDil": 105730000
    },
    {
      "date": "2024-12-31",
      "symbol": "WYNN",
      "reportedCurrency": "USD",
      "cik": "0001174922",
      "filingDate": "2025-02-13",
      "acceptedDate": "2025-02-13 17:00:42",
      "fiscalYear": "2024",
      "period": "Q4",
      "revenue": 1838797000,
      "costOfRevenue": 1035519000,
      "grossProfit": 803278000,
      "researchAndDevelopmentExpenses": 0,
      "generalAndAdministrativeExpenses": 272303000,
      "sellingAndMarketingExpenses": 0,
      "sellingGeneralAndAdministrativeExpenses": 272303000,
      "otherExpenses": 164080000,
      "operatingExpenses": 436383000,
      "costAndExpenses": 1471902000,
      "netInterestIncome": -138931000,
      "interestIncome": 24557000,
      "interestExpense": 163488000,
      "depreciationAndAmortization": 151284000,
      "ebitda": 595738000,
      "ebit": 444454000,
      "nonOperatingIncomeExcludingInterest": -77559000,
      "operatingIncome": 366895000,
      "totalOtherIncomeExpensesNet": -85929000,
      "incomeBeforeTax": 280966000,
      "incomeTaxExpense": -41394000,
      "netIncomeFromContinuingOperations": 322360000,
      "netIncomeFromDiscontinuedOperations": 0,
      "otherAdjustmentsToNetIncome": 0,
      "netIncome": 276972000,
      "netIncomeDeductions": 21005000,
      "bottomLineNetIncome": 255967000,
      "eps": 2.56,
      "epsDiluted": 2.36,
      "weightedAverageShsOut": 108199000,
      "weightedAverageShsOutDil": 110267000
    },
    {
      "date": "2024-09-30",
      "symbol": "WYNN",
      "reportedCurrency": "USD",
      "cik": "0001174922",
      "filingDate": "2024-11-04",
      "acceptedDate": "2024-11-04 17:00:42",
      "fiscalYear": "2024",
      "period": "Q3",
      "revenue": 1693323000,
      "costOfRevenue": 977216000,
      "grossProfit": 716107000,
      "researchAndDevelopmentExpenses": 0,
      "generalAndAdministrativeExpenses": 271829000,
      "sellingAndMarketingExpenses": 0,
      "sellingGeneralAndAdministrativeExpenses": 271829000,
      "otherExpenses": 311041000,
      "operatingExpenses": 582870000,
      "costAndExpenses": 1560086000,
      "netInterestIncome": -137302000,
      "interestIncome": 30729000,
      "interestExpense": 167922000,
      "depreciationAndAmortization": 156273000,
      "ebitda": 335907000,
      "ebit": 179634000,
      "nonOperatingIncomeExcludingInterest": -46397000,
      "operatingIncome": 133237000,
      "totalOtherIncomeExpensesNet": -121525000,
      "incomeBeforeTax": 11712000,
      "incomeTaxExpense": 17127000,
      "netIncomeFromContinuingOperations": -5415000,
      "netIncomeFromDiscontinuedOperations": 0,
      "otherAdjustmentsToNetIncome": 0,
      "netIncome": -32053000,
      "netIncomeDeductions": 60892000,
      "bottomLineNetIncome": -32053000,
      "eps": -0.29,
      "epsDiluted": -0.29,
      "weightedAverageShsOut": 109727000,
      "weightedAverageShsOutDil": 109727000
    },
    {
      "date": "2024-06-30",
      "symbol": "WYNN",
      "reportedCurrency": "USD",
      "cik": "0001174922",
      "filingDate": "2024-08-06",
      "acceptedDate": "2024-08-06 16:51:29",
      "fiscalYear": "2024",
      "period": "Q2",
      "revenue": 1732932000,
      "costOfRevenue": 1155745000,
      "grossProfit": 577187000,
      "researchAndDevelopmentExpenses": 0,
      "generalAndAdministrativeExpenses": 264727000,
      "sellingAndMarketingExpenses": 2429000,
      "sellingGeneralAndAdministrativeExpenses": 267156000,
      "otherExpenses": 38815000,
      "operatingExpenses": 305971000,
      "costAndExpenses": 1461716000,
      "netInterestIncome": -139712000,
      "interestIncome": 34884000,
      "interestExpense": 174596000,
      "depreciationAndAmortization": 176405000,
      "ebitda": 446063000,
      "ebit": 328804000,
      "nonOperatingIncomeExcludingInterest": -59146000,
      "operatingIncome": 269658000,
      "totalOtherIncomeExpensesNet": -115450000,
      "incomeBeforeTax": 154208000,
      "incomeTaxExpense": 7935000,
      "netIncomeFromContinuingOperations": 146273000,
      "netIncomeFromDiscontinuedOperations": 0,
      "otherAdjustmentsToNetIncome": 0,
      "netIncome": 111943000,
      "netIncomeDeductions": 10586000,
      "bottomLineNetIncome": 101357000,
      "eps": 1.01,
      "epsDiluted": 0.91,
      "weightedAverageShsOut": 110937000,
      "weightedAverageShsOutDil": 111175000
    },
    {
      "date": "2024-03-31",
      "symbol": "WYNN",
      "reportedCurrency": "USD",
      "cik": "0001174922",
      "filingDate": "2024-05-07",
      "acceptedDate": "2024-05-07 17:16:45",
      "fiscalYear": "2024",
      "period": "Q1",
      "revenue": 1862909000,
      "costOfRevenue": 1034349000,
      "grossProfit": 828560000,
      "researchAndDevelopmentExpenses": 0,
      "generalAndAdministrativeExpenses": 271616000,
      "sellingAndMarketingExpenses": 0,
      "sellingGeneralAndAdministrativeExpenses": 271616000,
      "otherExpenses": 191968000,
      "operatingExpenses": 463584000,
      "costAndExpenses": 1497933000,
      "netInterestIncome": -142232000,
      "interestIncome": 40172000,
      "interestExpense": 182404000,
      "depreciationAndAmortization": 174933000,
      "ebitda": 554374000,
      "ebit": 379441000,
      "nonOperatingIncomeExcludingInterest": -16500000,
      "operatingIncome": 362941000,
      "totalOtherIncomeExpensesNet": -166429000,
      "incomeBeforeTax": 196512000,
      "incomeTaxExpense": 20014000,
      "netIncomeFromContinuingOperations": 176498000,
      "netIncomeFromDiscontinuedOperations": 0,
      "otherAdjustmentsToNetIncome": 0,
      "netIncome": 144216000,
      "netIncomeDeductions": 0,
      "bottomLineNetIncome": 144216000,
      "eps": 1.3,
      "epsDiluted": 1.3,
      "weightedAverageShsOut": 111023000,
      "weightedAverageShsOutDil": 111333000
    },
    {
      "date": "2023-12-31",
      "symbol": "WYNN",
      "reportedCurrency": "USD",
      "cik": "0001174922",
      "filingDate": "2024-02-23",
      "acceptedDate": "2024-02-23 17:08:56",
      "fiscalYear": "2023",
      "period": "Q4",
      "revenue": 1840460000,
      "costOfRevenue": 1199643000,
      "grossProfit": 640817000,
      "researchAndDevelopmentExpenses": 0,
      "generalAndAdministrativeExpenses": 279484000,
      "sellingAndMarketingExpenses": 0,
      "sellingGeneralAndAdministrativeExpenses": 279484000,
      "otherExpenses": 962000,
      "operatingExpenses": 280446000,
      "costAndExpenses": 1480089000,
      "netInterestIncome": -140024000,
      "interestIncome": 44931000,
      "interestExpense": 184955000,
      "depreciationAndAmortization": 176527000,
      "ebitda": 635851000,
      "ebit": 459324000,
      "nonOperatingIncomeExcludingInterest": -101599000,
      "operatingIncome": 357725000,
      "totalOtherIncomeExpensesNet": -83356000,
      "incomeBeforeTax": 274369000,
      "incomeTaxExpense": -499408000,
      "netIncomeFromContinuingOperations": 773777000,
      "netIncomeFromDiscontinuedOperations": 0,
      "otherAdjustmentsToNetIncome": 0,
      "netIncome": 729156000,
      "netIncomeDeductions": 0,
      "bottomLineNetIncome": 729156000,
      "eps": 6.53,
      "epsDiluted": 6.36,
      "weightedAverageShsOut": 111661000,
      "weightedAverageShsOutDil": 112033000
    },
    {
      "date": "2023-09-30",
      "symbol": "WYNN",
      "reportedCurrency": "USD",
      "cik": "0001174922",
      "filingDate": "2023-11-09",
      "acceptedDate": "2023-11-09 17:04:12",
      "fiscalYear": "2023",
      "period": "Q3",
      "revenue": 1671936000,
      "costOfRevenue": 1073200000,
      "grossProfit": 598736000,
      "researchAndDevelopmentExpenses": 0,
      "generalAndAdministrativeExpenses": 268445000,
      "sellingAndMarketingExpenses": 0,
      "sellingGeneralAndAdministrativeExpenses": 268445000,
      "otherExpenses": 796984000,
      "operatingExpenses": 1065429000,
      "costAndExpenses": 1609341000,
      "netInterestIncome": -142037000,
      "interestIncome": 46534000,
      "interestExpense": 188571000,
      "depreciationAndAmortization": 171969000,
      "ebitda": 237250000,
      "ebit": 65281000,
      "nonOperatingIncomeExcludingInterest": -2686000,
      "operatingIncome": 62595000,
      "totalOtherIncomeExpensesNet": -185885000,
      "incomeBeforeTax": -123290000,
      "incomeTaxExpense": -2749000,
      "netIncomeFromContinuingOperations": -120541000,
      "netIncomeFromDiscontinuedOperations": 0,
      "otherAdjustmentsToNetIncome": 0,
      "netIncome": -116678000,
      "netIncomeDeductions": 0,
      "bottomLineNetIncome": -116678000,
      "eps": -1.03,
      "epsDiluted": -1.03,
      "weightedAverageShsOut": 112797000,
      "weightedAverageShsOutDil": 112797000
    },
    {
      "date": "2023-06-30",
      "symbol": "WYNN",
      "reportedCurrency": "USD",
      "cik": "0001174922",
      "filingDate": "2023-08-09",
      "acceptedDate": "2023-08-09 17:07:35",
      "fiscalYear": "2023",
      "period": "Q2",
      "revenue": 1595822000,
      "costOfRevenue": 923366000,
      "grossProfit": 672456000,
      "researchAndDevelopmentExpenses": 0,
      "generalAndAdministrativeExpenses": 257321000,
      "sellingAndMarketingExpenses": 0,
      "sellingGeneralAndAdministrativeExpenses": 257321000,
      "otherExpenses": 6959000,
      "operatingExpenses": 422120000,
      "costAndExpenses": 1345486000,
      "netInterestIncome": -146116000,
      "interestIncome": 44127000,
      "interestExpense": 190243000,
      "depreciationAndAmortization": 169962000,
      "ebitda": 434498000,
      "ebit": 264536000,
      "nonOperatingIncomeExcludingInterest": -14200000,
      "operatingIncome": 250336000,
      "totalOtherIncomeExpensesNet": -118196000,
      "incomeBeforeTax": 132140000,
      "incomeTaxExpense": 4305000,
      "netIncomeFromContinuingOperations": 127835000,
      "netIncomeFromDiscontinuedOperations": 0,
      "otherAdjustmentsToNetIncome": 0,
      "netIncome": 105184000,
      "netIncomeDeductions": 10629000,
      "bottomLineNetIncome": 94555000,
      "eps": 0.93,
      "epsDiluted": 0.84,
      "weightedAverageShsOut": 112889000,
      "weightedAverageShsOutDil": 113198000
    },
    {
      "date": "2023-03-31",
      "symbol": "WYNN",
      "reportedCurrency": "USD",
      "cik": "0001174922",
      "filingDate": "2023-05-09",
      "acceptedDate": "2023-05-09 17:08:48",
      "fiscalYear": "2023",
      "period": "Q1",
      "revenue": 1423679000,
      "costOfRevenue": 819188000,
      "grossProfit": 604491000,
      "researchAndDevelopmentExpenses": 0,
      "generalAndAdministrativeExpenses": 259772000,
      "sellingAndMarketingExpenses": 0,
      "sellingGeneralAndAdministrativeExpenses": 259772000,
      "otherExpenses": 172746000,
      "operatingExpenses": 432518000,
      "costAndExpenses": 1251706000,
      "netInterestIncome": -147547000,
      "interestIncome": 40193000,
      "interestExpense": 187740000,
      "depreciationAndAmortization": 168812000,
      "ebitda": 340527000,
      "ebit": 171715000,
      "nonOperatingIncomeExcludingInterest": -2200000,
      "operatingIncome": 169515000,
      "totalOtherIncomeExpensesNet": -167351000,
      "incomeBeforeTax": 2164000,
      "incomeTaxExpense": 1018000,
      "netIncomeFromContinuingOperations": 1146000,
      "netIncomeFromDiscontinuedOperations": 0,
      "otherAdjustmentsToNetIncome": 0,
      "netIncome": 12332000,
      "netIncomeDeductions": 14566000,
      "bottomLineNetIncome": -2234000,
      "eps": 0.11,
      "epsDiluted": -0.0198,
      "weightedAverageShsOut": 112753000,
      "weightedAverageShsOutDil": 113116000
    },
    {
      "date": "2022-12-31",
      "symbol": "WYNN",
      "reportedCurrency": "USD",
      "cik": "0001174922",
      "filingDate": "2023-02-27",
      "acceptedDate": "2023-02-27 16:55:16",
      "fiscalYear": "2022",
      "period": "Q4",
      "revenue": 1004937000,
      "costOfRevenue": 672126000,
      "grossProfit": 332811000,
      "researchAndDevelopmentExpenses": 0,
      "generalAndAdministrativeExpenses": 232017000,
      "sellingAndMarketingExpenses": 0,
      "sellingGeneralAndAdministrativeExpenses": 232017000,
      "otherExpenses": 183575000,
      "operatingExpenses": 415592000,
      "costAndExpenses": 1087718000,
      "netInterestIncome": -159725000,
      "interestIncome": 18895000,
      "interestExpense": 178620000,
      "depreciationAndAmortization": 172292000,
      "ebitda": 323451000,
      "ebit": 151159000,
      "nonOperatingIncomeExcludingInterest": -51951000,
      "operatingIncome": -31985000,
      "totalOtherIncomeExpensesNet": -126669000,
      "incomeBeforeTax": -27461000,
      "incomeTaxExpense": 6084000,
      "netIncomeFromContinuingOperations": -33545000,
      "netIncomeFromDiscontinuedOperations": 0,
      "otherAdjustmentsToNetIncome": 0,
      "netIncome": 32411000,
      "netIncomeDeductions": 0,
      "bottomLineNetIncome": 32411000,
      "eps": 0.29,
      "epsDiluted": 0.29,
      "weightedAverageShsOut": 112321000,
      "weightedAverageShsOutDil": 112795000
    },
    {
      "date": "2022-09-30",
      "symbol": "WYNN",
      "reportedCurrency": "USD",
      "cik": "0001174922",
      "filingDate": "2022-11-09",
      "acceptedDate": "2022-11-09 16:46:03",
      "fiscalYear": "2022",
      "period": "Q3",
      "revenue": 889722000,
      "costOfRevenue": 565942000,
      "grossProfit": 323780000,
      "researchAndDevelopmentExpenses": 0,
      "generalAndAdministrativeExpenses": 201275000,
      "sellingAndMarketingExpenses": 0,
      "sellingGeneralAndAdministrativeExpenses": 201275000,
      "otherExpenses": 170763000,
      "operatingExpenses": 372038000,
      "costAndExpenses": 937980000,
      "netInterestIncome": -158385000,
      "interestIncome": 6892000,
      "interestExpense": 165277000,
      "depreciationAndAmortization": 172502000,
      "ebitda": 131378000,
      "ebit": -41124000,
      "nonOperatingIncomeExcludingInterest": -11867000,
      "operatingIncome": -46963000,
      "totalOtherIncomeExpensesNet": -153410000,
      "incomeBeforeTax": -206401000,
      "incomeTaxExpense": 1390000,
      "netIncomeFromContinuingOperations": -207791000,
      "netIncomeFromDiscontinuedOperations": 0,
      "otherAdjustmentsToNetIncome": 0,
      "netIncome": -207791000,
      "netIncomeDeductions": 0,
      "bottomLineNetIncome": -142892000,
      "eps": -1.85,
      "epsDiluted": -1.84,
      "weightedAverageShsOut": 112513385,
      "weightedAverageShsOutDil": 112709000
    },
    {
      "date": "2022-06-30",
      "symbol": "WYNN",
      "reportedCurrency": "USD",
      "cik": "0001174922",
      "filingDate": "2022-08-09",
      "acceptedDate": "2022-08-09 17:04:10",
      "fiscalYear": "2022",
      "period": "Q2",
      "revenue": 908832000,
      "costOfRevenue": 569590000,
      "grossProfit": 339242000,
      "researchAndDevelopmentExpenses": 0,
      "generalAndAdministrativeExpenses": 200378000,
      "sellingAndMarketingExpenses": 0,
      "sellingGeneralAndAdministrativeExpenses": 200378000,
      "otherExpenses": 163983000,
      "operatingExpenses": 364361000,
      "costAndExpenses": 933951000,
      "netInterestIncome": -152139000,
      "interestIncome": 2691000,
      "interestExpense": 154830000,
      "depreciationAndAmortization": 162968000,
      "ebitda": 105094000,
      "ebit": -57874000,
      "nonOperatingIncomeExcludingInterest": 5846000,
      "operatingIncome": -59436000,
      "totalOtherIncomeExpensesNet": -160676000,
      "incomeBeforeTax": -212704000,
      "incomeTaxExpense": 718000,
      "netIncomeFromContinuingOperations": -213422000,
      "netIncomeFromDiscontinuedOperations": 0,
      "otherAdjustmentsToNetIncome": 0,
      "netIncome": -213422000,
      "netIncomeDeductions": 0,
      "bottomLineNetIncome": -130051000,
      "eps": -1.87,
      "epsDiluted": -1.86,
      "weightedAverageShsOut": 114079823,
      "weightedAverageShsOutDil": 114471000
    },
    {
      "date": "2022-03-31",
      "symbol": "WYNN",
      "reportedCurrency": "USD",
      "cik": "0001174922",
      "filingDate": "2022-05-10",
      "acceptedDate": "2022-05-10 17:03:25",
      "fiscalYear": "2022",
      "period": "Q1",
      "revenue": 953334000,
      "costOfRevenue": 618354000,
      "grossProfit": 334980000,
      "researchAndDevelopmentExpenses": 0,
      "generalAndAdministrativeExpenses": 196780000,
      "sellingAndMarketingExpenses": 0,
      "sellingGeneralAndAdministrativeExpenses": 196780000,
      "otherExpenses": 187345000,
      "operatingExpenses": 384125000,
      "costAndExpenses": 1002479000,
      "netInterestIncome": -150878000,
      "interestIncome": 1280000,
      "interestExpense": 152158000,
      "depreciationAndAmortization": 184556000,
      "ebitda": 83244000,
      "ebit": -101312000,
      "nonOperatingIncomeExcludingInterest": 6447000,
      "operatingIncome": -62992000,
      "totalOtherIncomeExpensesNet": -158605000,
      "incomeBeforeTax": -253470000,
      "incomeTaxExpense": 1140000,
      "netIncomeFromContinuingOperations": -254610000,
      "netIncomeFromDiscontinuedOperations": 0,
      "otherAdjustmentsToNetIncome": 0,
      "netIncome": -254610000,
      "netIncomeDeductions": 0,
      "bottomLineNetIncome": -183324000,
      "eps": -2.21,
      "epsDiluted": -2.21,
      "weightedAverageShsOut": 115030000,
      "weightedAverageShsOutDil": 115030000
    },
    {
      "date": "2021-12-31",
      "symbol": "WYNN",
      "reportedCurrency": "USD",
      "cik": "0001174922",
      "filingDate": "2022-02-28",
      "acceptedDate": "2022-02-28 16:53:06",
      "fiscalYear": "2021",
      "period": "Q4",
      "revenue": 1053124000,
      "costOfRevenue": 718816000,
      "grossProfit": 334308000,
      "researchAndDevelopmentExpenses": 0,
      "generalAndAdministrativeExpenses": 221923000,
      "sellingAndMarketingExpenses": 0,
      "sellingGeneralAndAdministrativeExpenses": 221923000,
      "otherExpenses": -30795000,
      "operatingExpenses": 415739000,
      "costAndExpenses": 1134555000,
      "netInterestIncome": -150879000,
      "interestIncome": 1082000,
      "interestExpense": 151961000,
      "depreciationAndAmortization": 170424000,
      "ebitda": 64083000,
      "ebit": -106341000,
      "nonOperatingIncomeExcludingInterest": 717000,
      "operatingIncome": -105624000,
      "totalOtherIncomeExpensesNet": -152678000,
      "incomeBeforeTax": -258302000,
      "incomeTaxExpense": -1871000,
      "netIncomeFromContinuingOperations": -256431000,
      "netIncomeFromDiscontinuedOperations": 0,
      "otherAdjustmentsToNetIncome": 0,
      "netIncome": -177190000,
      "netIncomeDeductions": 0,
      "bottomLineNetIncome": -177190000,
      "eps": -1.54,
      "epsDiluted": -1.54,
      "weightedAverageShsOut": 114768000,
      "weightedAverageShsOutDil": 114768000
    },
    {
      "date": "2021-09-30",
      "symbol": "WYNN",
      "reportedCurrency": "USD",
      "cik": "0001174922",
      "filingDate": "2021-11-09",
      "acceptedDate": "2021-11-09 16:55:10",
      "fiscalYear": "2021",
      "period": "Q3",
      "revenue": 994644000,
      "costOfRevenue": 687561000,
      "grossProfit": 307083000,
      "researchAndDevelopmentExpenses": 0,
      "generalAndAdministrativeExpenses": 197350000,
      "sellingAndMarketingExpenses": 0,
      "sellingGeneralAndAdministrativeExpenses": 197350000,
      "otherExpenses": -27085000,
      "operatingExpenses": 375446000,
      "costAndExpenses": 1063007000,
      "netInterestIncome": -149818000,
      "interestIncome": 507000,
      "interestExpense": 150325000,
      "depreciationAndAmortization": 177110000,
      "ebitda": 82607000,
      "ebit": -94503000,
      "nonOperatingIncomeExcludingInterest": 10839000,
      "operatingIncome": -83664000,
      "totalOtherIncomeExpensesNet": -161164000,
      "incomeBeforeTax": -244828000,
      "incomeTaxExpense": 1155000,
      "netIncomeFromContinuingOperations": -245983000,
      "netIncomeFromDiscontinuedOperations": 0,
      "otherAdjustmentsToNetIncome": 0,
      "netIncome": -166249000,
      "netIncomeDeductions": 0,
      "bottomLineNetIncome": -166249000,
      "eps": -1.45,
      "epsDiluted": -1.45,
      "weightedAverageShsOut": 114654482,
      "weightedAverageShsOutDil": 114655000
    },
    {
      "date": "2021-06-30",
      "symbol": "WYNN",
      "reportedCurrency": "USD",
      "cik": "0001174922",
      "filingDate": "2021-08-09",
      "acceptedDate": "2021-08-06 18:14:01",
      "fiscalYear": "2021",
      "period": "Q2",
      "revenue": 990113000,
      "costOfRevenue": 630195000,
      "grossProfit": 359918000,
      "researchAndDevelopmentExpenses": 0,
      "generalAndAdministrativeExpenses": 197545000,
      "sellingAndMarketingExpenses": 0,
      "sellingGeneralAndAdministrativeExpenses": 197545000,
      "otherExpenses": -98000,
      "operatingExpenses": 383788000,
      "costAndExpenses": 1013983000,
      "netInterestIncome": -149704000,
      "interestIncome": 720000,
      "interestExpense": 150424000,
      "depreciationAndAmortization": 183307000,
      "ebitda": 161031000,
      "ebit": -22276000,
      "nonOperatingIncomeExcludingInterest": -7245000,
      "operatingIncome": -29521000,
      "totalOtherIncomeExpensesNet": -143179000,
      "incomeBeforeTax": -172700000,
      "incomeTaxExpense": 697000,
      "netIncomeFromContinuingOperations": -173397000,
      "netIncomeFromDiscontinuedOperations": 0,
      "otherAdjustmentsToNetIncome": 0,
      "netIncome": -131369000,
      "netIncomeDeductions": 0,
      "bottomLineNetIncome": -131369000,
      "eps": -1.15,
      "epsDiluted": -1.15,
      "weightedAverageShsOut": 114233913,
      "weightedAverageShsOutDil": 114545000
    },
    {
      "date": "2021-03-31",
      "symbol": "WYNN",
      "reportedCurrency": "USD",
      "cik": "0001174922",
      "filingDate": "2021-05-10",
      "acceptedDate": "2021-05-10 16:12:48",
      "fiscalYear": "2021",
      "period": "Q1",
      "revenue": 725783000,
      "costOfRevenue": 522009000,
      "grossProfit": 203774000,
      "researchAndDevelopmentExpenses": 0,
      "generalAndAdministrativeExpenses": 179774000,
      "sellingAndMarketingExpenses": 0,
      "sellingGeneralAndAdministrativeExpenses": 179774000,
      "otherExpenses": -16710000,
      "operatingExpenses": 373889000,
      "costAndExpenses": 895898000,
      "netInterestIncome": -151948000,
      "interestIncome": 904000,
      "interestExpense": 152852000,
      "depreciationAndAmortization": 185121000,
      "ebitda": 2287000,
      "ebit": -182834000,
      "nonOperatingIncomeExcludingInterest": 7102000,
      "operatingIncome": -175732000,
      "totalOtherIncomeExpensesNet": -159954000,
      "incomeBeforeTax": -335686000,
      "incomeTaxExpense": 493000,
      "netIncomeFromContinuingOperations": -336179000,
      "netIncomeFromDiscontinuedOperations": 0,
      "otherAdjustmentsToNetIncome": 0,
      "netIncome": -280978000,
      "netIncomeDeductions": 0,
      "bottomLineNetIncome": -280978000,
      "eps": -2.53,
      "epsDiluted": -2.53,
      "weightedAverageShsOut": 111020000,
      "weightedAverageShsOutDil": 111020000
    },
    {
      "date": "2020-12-31",
      "symbol": "WYNN",
      "reportedCurrency": "USD",
      "cik": "0001174922",
      "filingDate": "2021-02-26",
      "acceptedDate": "2021-02-26 17:05:22",
      "fiscalYear": "2020",
      "period": "Q4",
      "revenue": 685995000,
      "costOfRevenue": 478585000,
      "grossProfit": 207410000,
      "researchAndDevelopmentExpenses": 0,
      "generalAndAdministrativeExpenses": 173544000,
      "sellingAndMarketingExpenses": 0,
      "sellingGeneralAndAdministrativeExpenses": 173544000,
      "otherExpenses": -8213000,
      "operatingExpenses": 362267000,
      "costAndExpenses": 840852000,
      "netInterestIncome": -147872000,
      "interestIncome": 1415000,
      "interestExpense": 149287000,
      "depreciationAndAmortization": 184004000,
      "ebitda": 23568000,
      "ebit": -160436000,
      "nonOperatingIncomeExcludingInterest": -18175000,
      "operatingIncome": -178611000,
      "totalOtherIncomeExpensesNet": -131112000,
      "incomeBeforeTax": -309723000,
      "incomeTaxExpense": 568000,
      "netIncomeFromContinuingOperations": -310291000,
      "netIncomeFromDiscontinuedOperations": 0,
      "otherAdjustmentsToNetIncome": 0,
      "netIncome": -269502000,
      "netIncomeDeductions": 0,
      "bottomLineNetIncome": -269502000,
      "eps": -2.52,
      "epsDiluted": -2.52,
      "weightedAverageShsOut": 106818000,
      "weightedAverageShsOutDil": 106818000
    },
    {
      "date": "2020-09-30",
      "symbol": "WYNN",
      "reportedCurrency": "USD",
      "cik": "0001174922",
      "filingDate": "2020-11-09",
      "acceptedDate": "2020-11-06 19:21:50",
      "fiscalYear": "2020",
      "period": "Q3",
      "revenue": 370452000,
      "costOfRevenue": 286707000,
      "grossProfit": 83745000,
      "researchAndDevelopmentExpenses": 0,
      "generalAndAdministrativeExpenses": 160896000,
      "sellingAndMarketingExpenses": 0,
      "sellingGeneralAndAdministrativeExpenses": 160896000,
      "otherExpenses": 412000,
      "operatingExpenses": 356847000,
      "costAndExpenses": 643554000,
      "netInterestIncome": -143109000,
      "interestIncome": 2033000,
      "interestExpense": 145142000,
      "depreciationAndAmortization": 183486000,
      "ebitda": -95540000,
      "ebit": -279026000,
      "nonOperatingIncomeExcludingInterest": -3981000,
      "operatingIncome": -283007000,
      "totalOtherIncomeExpensesNet": -141161000,
      "incomeBeforeTax": -424168000,
      "incomeTaxExpense": 407365000,
      "netIncomeFromContinuingOperations": -831533000,
      "netIncomeFromDiscontinuedOperations": 0,
      "otherAdjustmentsToNetIncome": 0,
      "netIncome": -758142000,
      "netIncomeDeductions": 0,
      "bottomLineNetIncome": -758142000,
      "eps": -7.1,
      "epsDiluted": -7.1,
      "weightedAverageShsOut": 106780563,
      "weightedAverageShsOutDil": 106783000
    },
    {
      "date": "2020-06-30",
      "symbol": "WYNN",
      "reportedCurrency": "USD",
      "cik": "0001174922",
      "filingDate": "2020-08-06",
      "acceptedDate": "2020-08-06 16:51:18",
      "fiscalYear": "2020",
      "period": "Q2",
      "revenue": 85698000,
      "costOfRevenue": 240267000,
      "grossProfit": -154569000,
      "researchAndDevelopmentExpenses": 0,
      "generalAndAdministrativeExpenses": 152081000,
      "sellingAndMarketingExpenses": 0,
      "sellingGeneralAndAdministrativeExpenses": 152081000,
      "otherExpenses": 2233000,
      "operatingExpenses": 361880000,
      "costAndExpenses": 602147000,
      "netInterestIncome": -129235000,
      "interestIncome": 3983000,
      "interestExpense": 133218000,
      "depreciationAndAmortization": 179266000,
      "ebitda": -341447000,
      "ebit": -520713000,
      "nonOperatingIncomeExcludingInterest": -2303000,
      "operatingIncome": -523016000,
      "totalOtherIncomeExpensesNet": -130915000,
      "incomeBeforeTax": -653931000,
      "incomeTaxExpense": 80938000,
      "netIncomeFromContinuingOperations": -734869000,
      "netIncomeFromDiscontinuedOperations": 0,
      "otherAdjustmentsToNetIncome": 0,
      "netIncome": -637564000,
      "netIncomeDeductions": 0,
      "bottomLineNetIncome": -637564000,
      "eps": -5.97,
      "epsDiluted": -5.97,
      "weightedAverageShsOut": 106713000,
      "weightedAverageShsOutDil": 106713000
    },
    {
      "date": "2020-03-31",
      "symbol": "WYNN",
      "reportedCurrency": "USD",
      "cik": "0001174922",
      "filingDate": "2020-05-08",
      "acceptedDate": "2020-05-08 16:32:00",
      "fiscalYear": "2020",
      "period": "Q1",
      "revenue": 953716000,
      "costOfRevenue": 737660000,
      "grossProfit": 216056000,
      "researchAndDevelopmentExpenses": 0,
      "generalAndAdministrativeExpenses": 234328000,
      "sellingAndMarketingExpenses": 0,
      "sellingGeneralAndAdministrativeExpenses": 234328000,
      "otherExpenses": 10335000,
      "operatingExpenses": 436238000,
      "costAndExpenses": 1173898000,
      "netInterestIncome": -120874000,
      "interestIncome": 7953000,
      "interestExpense": 128827000,
      "depreciationAndAmortization": 178746000,
      "ebitda": -66880000,
      "ebit": -245626000,
      "nonOperatingIncomeExcludingInterest": -1785000,
      "operatingIncome": -247411000,
      "totalOtherIncomeExpensesNet": -127042000,
      "incomeBeforeTax": -374453000,
      "incomeTaxExpense": 75800000,
      "netIncomeFromContinuingOperations": -450253000,
      "netIncomeFromDiscontinuedOperations": 0,
      "otherAdjustmentsToNetIncome": 0,
      "netIncome": -402037000,
      "netIncomeDeductions": 0,
      "bottomLineNetIncome": -402037000,
      "eps": -3.77,
      "epsDiluted": -3.77,
      "weightedAverageShsOut": 106641114,
      "weightedAverageShsOutDil": 106663000
    },
    {
      "date": "2019-12-31",
      "symbol": "WYNN",
      "reportedCurrency": "USD",
      "cik": "0001174922",
      "filingDate": "2020-02-28",
      "acceptedDate": "2020-02-28 16:32:03",
      "fiscalYear": "2019",
      "period": "Q4",
      "revenue": 1653459000,
      "costOfRevenue": 1007123000,
      "grossProfit": 646336000,
      "researchAndDevelopmentExpenses": 0,
      "generalAndAdministrativeExpenses": 230682000,
      "sellingAndMarketingExpenses": 0,
      "sellingGeneralAndAdministrativeExpenses": 230682000,
      "otherExpenses": 18505000,
      "operatingExpenses": 417392000,
      "costAndExpenses": 1424515000,
      "netInterestIncome": -108579000,
      "interestIncome": 4470000,
      "interestExpense": 113049000,
      "depreciationAndAmortization": 175054000,
      "ebitda": 428052000,
      "ebit": 252998000,
      "nonOperatingIncomeExcludingInterest": -26420000,
      "operatingIncome": 226578000,
      "totalOtherIncomeExpensesNet": -86629000,
      "incomeBeforeTax": 139949000,
      "incomeTaxExpense": 157419000,
      "netIncomeFromContinuingOperations": -17470000,
      "netIncomeFromDiscontinuedOperations": 0,
      "otherAdjustmentsToNetIncome": 0,
      "netIncome": -72942000,
      "netIncomeDeductions": 0,
      "bottomLineNetIncome": -72942000,
      "eps": -0.68,
      "epsDiluted": -0.68,
      "weightedAverageShsOut": 106607000,
      "weightedAverageShsOutDil": 106608000
    },
    {
      "date": "2019-09-30",
      "symbol": "WYNN",
      "reportedCurrency": "USD",
      "cik": "0001174922",
      "filingDate": "2019-11-06",
      "acceptedDate": "2019-11-06 17:13:20",
      "fiscalYear": "2019",
      "period": "Q3",
      "revenue": 1647762000,
      "costOfRevenue": 1036619000,
      "grossProfit": 611143000,
      "researchAndDevelopmentExpenses": 0,
      "generalAndAdministrativeExpenses": 246442000,
      "sellingAndMarketingExpenses": 0,
      "sellingGeneralAndAdministrativeExpenses": 246442000,
      "otherExpenses": -8703000,
      "operatingExpenses": 425092000,
      "costAndExpenses": 1461711000,
      "netInterestIncome": -108225000,
      "interestIncome": 6427000,
      "interestExpense": 114652000,
      "depreciationAndAmortization": 172998000,
      "ebitda": 350833000,
      "ebit": 177835000,
      "nonOperatingIncomeExcludingInterest": 0,
      "operatingIncome": 177835000,
      "totalOtherIncomeExpensesNet": -131225000,
      "incomeBeforeTax": 46610000,
      "incomeTaxExpense": 19727000,
      "netIncomeFromContinuingOperations": 26883000,
      "netIncomeFromDiscontinuedOperations": 0,
      "otherAdjustmentsToNetIncome": 0,
      "netIncome": -3496000,
      "netIncomeDeductions": 0,
      "bottomLineNetIncome": -3496000,
      "eps": -0.0328,
      "epsDiluted": -0.0328,
      "weightedAverageShsOut": 106707000,
      "weightedAverageShsOutDil": 106707000
    },
    {
      "date": "2019-06-30",
      "symbol": "WYNN",
      "reportedCurrency": "USD",
      "cik": "0001174922",
      "filingDate": "2019-08-08",
      "acceptedDate": "2019-08-08 16:20:17",
      "fiscalYear": "2019",
      "period": "Q2",
      "revenue": 1658332000,
      "costOfRevenue": 1016729000,
      "grossProfit": 641603000,
      "researchAndDevelopmentExpenses": 0,
      "generalAndAdministrativeExpenses": 202224000,
      "sellingAndMarketingExpenses": 0,
      "sellingGeneralAndAdministrativeExpenses": 202224000,
      "otherExpenses": 11715000,
      "operatingExpenses": 415957000,
      "costAndExpenses": 1432686000,
      "netInterestIncome": -86884000,
      "interestIncome": 6265000,
      "interestExpense": 93149000,
      "depreciationAndAmortization": 140269000,
      "ebitda": 358985000,
      "ebit": 233392000,
      "nonOperatingIncomeExcludingInterest": -14676000,
      "operatingIncome": 218716000,
      "totalOtherIncomeExpensesNet": -78473000,
      "incomeBeforeTax": 140243000,
      "incomeTaxExpense": -1991000,
      "netIncomeFromContinuingOperations": 142234000,
      "netIncomeFromDiscontinuedOperations": 0,
      "otherAdjustmentsToNetIncome": 0,
      "netIncome": 94551000,
      "netIncomeDeductions": 0,
      "bottomLineNetIncome": 94551000,
      "eps": 0.88,
      "epsDiluted": 0.88,
      "weightedAverageShsOut": 106876000,
      "weightedAverageShsOutDil": 107141000
    },
    {
      "date": "2019-03-31",
      "symbol": "WYNN",
      "reportedCurrency": "USD",
      "cik": "0001174922",
      "filingDate": "2019-05-09",
      "acceptedDate": "2019-05-09 17:23:24",
      "fiscalYear": "2019",
      "period": "Q1",
      "revenue": 1651546000,
      "costOfRevenue": 1006582000,
      "grossProfit": 644964000,
      "researchAndDevelopmentExpenses": 0,
      "generalAndAdministrativeExpenses": 217322000,
      "sellingAndMarketingExpenses": 0,
      "sellingGeneralAndAdministrativeExpenses": 217322000,
      "otherExpenses": -6358000,
      "operatingExpenses": 387014000,
      "costAndExpenses": 1393596000,
      "netInterestIncome": -85893000,
      "interestIncome": 7287000,
      "interestExpense": 93180000,
      "depreciationAndAmortization": 136557000,
      "ebitda": 391733000,
      "ebit": 255176000,
      "nonOperatingIncomeExcludingInterest": 0,
      "operatingIncome": 255176000,
      "totalOtherIncomeExpensesNet": -93760000,
      "incomeBeforeTax": 161416000,
      "incomeTaxExpense": 1685000,
      "netIncomeFromContinuingOperations": 159731000,
      "netIncomeFromDiscontinuedOperations": 0,
      "otherAdjustmentsToNetIncome": 0,
      "netIncome": 104872000,
      "netIncomeDeductions": 0,
      "bottomLineNetIncome": 104872000,
      "eps": 0.98,
      "epsDiluted": 0.98,
      "weightedAverageShsOut": 106792000,
      "weightedAverageShsOutDil": 107073000
    },
    {
      "date": "2018-12-31",
      "symbol": "WYNN",
      "reportedCurrency": "USD",
      "cik": "0001174922",
      "filingDate": "2019-02-28",
      "acceptedDate": "2019-02-28 16:41:29",
      "fiscalYear": "2018",
      "period": "Q4",
      "revenue": 1687586000,
      "costOfRevenue": 1034760000,
      "grossProfit": 652826000,
      "researchAndDevelopmentExpenses": 0,
      "generalAndAdministrativeExpenses": 175272000,
      "sellingAndMarketingExpenses": 40600000,
      "sellingGeneralAndAdministrativeExpenses": 215872000,
      "otherExpenses": -5113000,
      "operatingExpenses": 365209000,
      "costAndExpenses": 1399969000,
      "netInterestIncome": -91880000,
      "interestIncome": 8837000,
      "interestExpense": 100717000,
      "depreciationAndAmortization": 138911000,
      "ebitda": 443294000,
      "ebit": 243514000,
      "nonOperatingIncomeExcludingInterest": 2769000,
      "operatingIncome": 258033000,
      "totalOtherIncomeExpensesNet": -103486000,
      "incomeBeforeTax": 154547000,
      "incomeTaxExpense": -372713000,
      "netIncomeFromContinuingOperations": 515510000,
      "netIncomeFromDiscontinuedOperations": 0,
      "otherAdjustmentsToNetIncome": 11750000,
      "netIncome": 476616000,
      "netIncomeDeductions": 0,
      "bottomLineNetIncome": 476616000,
      "eps": 4.43,
      "epsDiluted": 4.41,
      "weightedAverageShsOut": 107619000,
      "weightedAverageShsOutDil": 107974000
    },
    {
      "date": "2018-09-30",
      "symbol": "WYNN",
      "reportedCurrency": "USD",
      "cik": "0001174922",
      "filingDate": "2018-11-07",
      "acceptedDate": "2018-11-07 17:20:14",
      "fiscalYear": "2018",
      "period": "Q3",
      "revenue": 1709072000,
      "costOfRevenue": 1052475000,
      "grossProfit": 656597000,
      "researchAndDevelopmentExpenses": 0,
      "generalAndAdministrativeExpenses": 192327000,
      "sellingAndMarketingExpenses": 0,
      "sellingGeneralAndAdministrativeExpenses": 192327000,
      "otherExpenses": 11216000,
      "operatingExpenses": 346784000,
      "costAndExpenses": 1399259000,
      "netInterestIncome": -86059000,
      "interestIncome": 6948000,
      "interestExpense": 93007000,
      "depreciationAndAmortization": 137458000,
      "ebitda": 428441000,
      "ebit": 290983000,
      "nonOperatingIncomeExcludingInterest": 0,
      "operatingIncome": 290983000,
      "totalOtherIncomeExpensesNet": -75095000,
      "incomeBeforeTax": 215888000,
      "incomeTaxExpense": -3884000,
      "netIncomeFromContinuingOperations": 219772000,
      "netIncomeFromDiscontinuedOperations": 0,
      "otherAdjustmentsToNetIncome": 0,
      "netIncome": 156115000,
      "netIncomeDeductions": 0,
      "bottomLineNetIncome": 156115000,
      "eps": 1.44,
      "epsDiluted": 1.44,
      "weightedAverageShsOut": 108064000,
      "weightedAverageShsOutDil": 108533000
    },
    {
      "date": "2018-06-30",
      "symbol": "WYNN",
      "reportedCurrency": "USD",
      "cik": "0001174922",
      "filingDate": "2018-08-08",
      "acceptedDate": "2018-08-08 16:27:18",
      "fiscalYear": "2018",
      "period": "Q2",
      "revenue": 1605424000,
      "costOfRevenue": 985754000,
      "grossProfit": 619670000,
      "researchAndDevelopmentExpenses": 0,
      "generalAndAdministrativeExpenses": 183631000,
      "sellingAndMarketingExpenses": 0,
      "sellingGeneralAndAdministrativeExpenses": 183631000,
      "otherExpenses": -957000,
      "operatingExpenses": 331307000,
      "costAndExpenses": 1317061000,
      "netInterestIncome": -83037000,
      "interestIncome": 6861000,
      "interestExpense": 89898000,
      "depreciationAndAmortization": 137870000,
      "ebitda": 417442000,
      "ebit": 279572000,
      "nonOperatingIncomeExcludingInterest": 0,
      "operatingIncome": 279572000,
      "totalOtherIncomeExpensesNet": -83994000,
      "incomeBeforeTax": 195578000,
      "incomeTaxExpense": -9702000,
      "netIncomeFromContinuingOperations": 205280000,
      "netIncomeFromDiscontinuedOperations": 0,
      "otherAdjustmentsToNetIncome": 0,
      "netIncome": 155756000,
      "netIncomeDeductions": 0,
      "bottomLineNetIncome": 155756000,
      "eps": 1.44,
      "epsDiluted": 1.44,
      "weightedAverageShsOut": 107792000,
      "weightedAverageShsOutDil": 108405000
    },
    {
      "date": "2018-03-31",
      "symbol": "WYNN",
      "reportedCurrency": "USD",
      "cik": "0001174922",
      "filingDate": "2018-05-09",
      "acceptedDate": "2018-05-09 16:30:13",
      "fiscalYear": "2018",
      "period": "Q1",
      "revenue": 1715578000,
      "costOfRevenue": 1013286000,
      "grossProfit": 702292000,
      "researchAndDevelopmentExpenses": 0,
      "generalAndAdministrativeExpenses": 169585000,
      "sellingAndMarketingExpenses": 0,
      "sellingGeneralAndAdministrativeExpenses": 169585000,
      "otherExpenses": -78551000,
      "operatingExpenses": 316978000,
      "costAndExpenses": 1330264000,
      "netInterestIncome": -91007000,
      "interestIncome": 7220000,
      "interestExpense": 98227000,
      "depreciationAndAmortization": 136357000,
      "ebitda": -13939000,
      "ebit": -150296000,
      "nonOperatingIncomeExcludingInterest": 69002000,
      "operatingIncome": -81294000,
      "totalOtherIncomeExpensesNet": -167229000,
      "incomeBeforeTax": -248523000,
      "incomeTaxExpense": -111045000,
      "netIncomeFromContinuingOperations": -137478000,
      "netIncomeFromDiscontinuedOperations": 0,
      "otherAdjustmentsToNetIncome": 0,
      "netIncome": -204307000,
      "netIncomeDeductions": 0,
      "bottomLineNetIncome": -204307000,
      "eps": -1.99,
      "epsDiluted": -1.99,
      "weightedAverageShsOut": 102570000,
      "weightedAverageShsOutDil": 102570000
    },
    {
      "date": "2017-12-31",
      "symbol": "WYNN",
      "reportedCurrency": "USD",
      "cik": "0001174922",
      "filingDate": "2018-02-28",
      "acceptedDate": "2018-02-28 17:06:26",
      "fiscalYear": "2017",
      "period": "Q4",
      "revenue": 1689096000,
      "costOfRevenue": 1071738000,
      "grossProfit": 617358000,
      "researchAndDevelopmentExpenses": 0,
      "generalAndAdministrativeExpenses": 182848000,
      "sellingAndMarketingExpenses": 0,
      "sellingGeneralAndAdministrativeExpenses": 182848000,
      "otherExpenses": 8413000,
      "operatingExpenses": 324857000,
      "costAndExpenses": 1396595000,
      "netInterestIncome": -87594000,
      "interestIncome": 9195000,
      "interestExpense": 96789000,
      "depreciationAndAmortization": 136880000,
      "ebitda": 467875000,
      "ebit": 330995000,
      "nonOperatingIncomeExcludingInterest": -29576000,
      "operatingIncome": 301419000,
      "totalOtherIncomeExpensesNet": -91480000,
      "incomeBeforeTax": 209939000,
      "incomeTaxExpense": -334025000,
      "netIncomeFromContinuingOperations": 543964000,
      "netIncomeFromDiscontinuedOperations": 0,
      "otherAdjustmentsToNetIncome": 0,
      "netIncome": 491682000,
      "netIncomeDeductions": 0,
      "bottomLineNetIncome": 491682000,
      "eps": 4.8,
      "epsDiluted": 4.77,
      "weightedAverageShsOut": 102402000,
      "weightedAverageShsOutDil": 103065000
    },
    {
      "date": "2017-09-30",
      "symbol": "WYNN",
      "reportedCurrency": "USD",
      "cik": "0001174922",
      "filingDate": "2017-11-08",
      "acceptedDate": "2017-11-08 16:46:27",
      "fiscalYear": "2017",
      "period": "Q3",
      "revenue": 1612331000,
      "costOfRevenue": 1001659000,
      "grossProfit": 610672000,
      "researchAndDevelopmentExpenses": 0,
      "generalAndAdministrativeExpenses": 178506000,
      "sellingAndMarketingExpenses": 0,
      "sellingGeneralAndAdministrativeExpenses": 178506000,
      "otherExpenses": -43612000,
      "operatingExpenses": 325052000,
      "costAndExpenses": 1326711000,
      "netInterestIncome": -87427000,
      "interestIncome": 8447000,
      "interestExpense": 95874000,
      "depreciationAndAmortization": 137982000,
      "ebitda": 395309000,
      "ebit": 257327000,
      "nonOperatingIncomeExcludingInterest": 0,
      "operatingIncome": 257327000,
      "totalOtherIncomeExpensesNet": -151815000,
      "incomeBeforeTax": 105512000,
      "incomeTaxExpense": -457000,
      "netIncomeFromContinuingOperations": 105969000,
      "netIncomeFromDiscontinuedOperations": 0,
      "otherAdjustmentsToNetIncome": 0,
      "netIncome": 79767000,
      "netIncomeDeductions": 0,
      "bottomLineNetIncome": 79767000,
      "eps": 0.78,
      "epsDiluted": 0.78,
      "weightedAverageShsOut": 102173000,
      "weightedAverageShsOutDil": 102794000
    },
    {
      "date": "2017-06-30",
      "symbol": "WYNN",
      "reportedCurrency": "USD",
      "cik": "0001174922",
      "filingDate": "2017-08-04",
      "acceptedDate": "2017-08-04 16:35:08",
      "fiscalYear": "2017",
      "period": "Q2",
      "revenue": 1529261000,
      "costOfRevenue": 968677000,
      "grossProfit": 560584000,
      "researchAndDevelopmentExpenses": 0,
      "generalAndAdministrativeExpenses": 164169000,
      "sellingAndMarketingExpenses": 0,
      "sellingGeneralAndAdministrativeExpenses": 164169000,
      "otherExpenses": -24257000,
      "operatingExpenses": 306530000,
      "costAndExpenses": 1275207000,
      "netInterestIncome": -90659000,
      "interestIncome": 7080000,
      "interestExpense": 97739000,
      "depreciationAndAmortization": 137686000,
      "ebitda": 384575000,
      "ebit": 246889000,
      "nonOperatingIncomeExcludingInterest": 0,
      "operatingIncome": 246889000,
      "totalOtherIncomeExpensesNet": -137486000,
      "incomeBeforeTax": 109403000,
      "incomeTaxExpense": 2607000,
      "netIncomeFromContinuingOperations": 106796000,
      "netIncomeFromDiscontinuedOperations": 0,
      "otherAdjustmentsToNetIncome": 0,
      "netIncome": 74916000,
      "netIncomeDeductions": 0,
      "bottomLineNetIncome": 74916000,
      "eps": 0.73,
      "epsDiluted": 0.73,
      "weightedAverageShsOut": 101944000,
      "weightedAverageShsOutDil": 102494000
    },
    {
      "date": "2017-03-31",
      "symbol": "WYNN",
      "reportedCurrency": "USD",
      "cik": "0001174922",
      "filingDate": "2017-05-04",
      "acceptedDate": "2017-05-04 08:08:27",
      "fiscalYear": "2017",
      "period": "Q1",
      "revenue": 1475680000,
      "costOfRevenue": 921319000,
      "grossProfit": 554361000,
      "researchAndDevelopmentExpenses": 0,
      "generalAndAdministrativeExpenses": 159962000,
      "sellingAndMarketingExpenses": 0,
      "sellingGeneralAndAdministrativeExpenses": 159962000,
      "otherExpenses": -21953000,
      "operatingExpenses": 301395000,
      "costAndExpenses": 1222714000,
      "netInterestIncome": -91791000,
      "interestIncome": 6471000,
      "interestExpense": 98262000,
      "depreciationAndAmortization": 139820000,
      "ebitda": 389750000,
      "ebit": 249930000,
      "nonOperatingIncomeExcludingInterest": 0,
      "operatingIncome": 249930000,
      "totalOtherIncomeExpensesNet": -114515000,
      "incomeBeforeTax": 135415000,
      "incomeTaxExpense": 2890000,
      "netIncomeFromContinuingOperations": 132525000,
      "netIncomeFromDiscontinuedOperations": 0,
      "otherAdjustmentsToNetIncome": 0,
      "netIncome": 100816000,
      "netIncomeDeductions": 0,
      "bottomLineNetIncome": 100816000,
      "eps": 0.99,
      "epsDiluted": 0.99,
      "weightedAverageShsOut": 101753000,
      "weightedAverageShsOutDil": 102069000
    },
    {
      "date": "2016-12-31",
      "symbol": "WYNN",
      "reportedCurrency": "USD",
      "cik": "0001174922",
      "filingDate": "2017-02-24",
      "acceptedDate": "2017-02-24 09:07:32",
      "fiscalYear": "2016",
      "period": "Q4",
      "revenue": 1300433000,
      "costOfRevenue": 818947000,
      "grossProfit": 481486000,
      "researchAndDevelopmentExpenses": 0,
      "generalAndAdministrativeExpenses": 166985000,
      "sellingAndMarketingExpenses": 0,
      "sellingGeneralAndAdministrativeExpenses": 166985000,
      "otherExpenses": 84600000,
      "operatingExpenses": 319136000,
      "costAndExpenses": 1138083000,
      "netInterestIncome": -92071000,
      "interestIncome": 3596000,
      "interestExpense": 95667000,
      "depreciationAndAmortization": 140543000,
      "ebitda": 294637000,
      "ebit": 154094000,
      "nonOperatingIncomeExcludingInterest": -15200000,
      "operatingIncome": 138894000,
      "totalOtherIncomeExpensesNet": -5345000,
      "incomeBeforeTax": 133549000,
      "incomeTaxExpense": 6983000,
      "netIncomeFromContinuingOperations": 126566000,
      "netIncomeFromDiscontinuedOperations": 0,
      "otherAdjustmentsToNetIncome": 0,
      "netIncome": 113800000,
      "netIncomeDeductions": 0,
      "bottomLineNetIncome": 113800000,
      "eps": 1.12,
      "epsDiluted": 1.12,
      "weightedAverageShsOut": 101509000,
      "weightedAverageShsOutDil": 101910000
    },
    {
      "date": "2016-09-30",
      "symbol": "WYNN",
      "reportedCurrency": "USD",
      "cik": "0001174922",
      "filingDate": "2016-11-04",
      "acceptedDate": "2016-11-04 16:26:22",
      "fiscalYear": "2016",
      "period": "Q3",
      "revenue": 1109822000,
      "costOfRevenue": 695294000,
      "grossProfit": 414528000,
      "researchAndDevelopmentExpenses": 0,
      "generalAndAdministrativeExpenses": 144206000,
      "sellingAndMarketingExpenses": 0,
      "sellingGeneralAndAdministrativeExpenses": 144206000,
      "otherExpenses": -21319000,
      "operatingExpenses": 319083000,
      "costAndExpenses": 1014377000,
      "netInterestIncome": -75991000,
      "interestIncome": 3678000,
      "interestExpense": 79669000,
      "depreciationAndAmortization": 106467000,
      "ebitda": 183398000,
      "ebit": 60458000,
      "nonOperatingIncomeExcludingInterest": 16473000,
      "operatingIncome": 76931000,
      "totalOtherIncomeExpensesNet": -96142000,
      "incomeBeforeTax": -19211000,
      "incomeTaxExpense": 120000,
      "netIncomeFromContinuingOperations": -19331000,
      "netIncomeFromDiscontinuedOperations": 0,
      "otherAdjustmentsToNetIncome": 0,
      "netIncome": -17437000,
      "netIncomeDeductions": 0,
      "bottomLineNetIncome": -17437000,
      "eps": -0.17,
      "epsDiluted": -0.17,
      "weightedAverageShsOut": 101439000,
      "weightedAverageShsOutDil": 101439000
    },
    {
      "date": "2016-06-30",
      "symbol": "WYNN",
      "reportedCurrency": "USD",
      "cik": "0001174922",
      "filingDate": "2016-08-09",
      "acceptedDate": "2016-08-09 16:04:25",
      "fiscalYear": "2016",
      "period": "Q2",
      "revenue": 1058364000,
      "costOfRevenue": 651813000,
      "grossProfit": 406551000,
      "researchAndDevelopmentExpenses": 0,
      "generalAndAdministrativeExpenses": 119505000,
      "sellingAndMarketingExpenses": 0,
      "sellingGeneralAndAdministrativeExpenses": 119505000,
      "otherExpenses": 6520000,
      "operatingExpenses": 247681000,
      "costAndExpenses": 899494000,
      "netInterestIncome": -66474000,
      "interestIncome": 2783000,
      "interestExpense": 69257000,
      "depreciationAndAmortization": 79749000,
      "ebitda": 237388000,
      "ebit": 155806000,
      "nonOperatingIncomeExcludingInterest": -8267000,
      "operatingIncome": 147539000,
      "totalOtherIncomeExpensesNet": -60990000,
      "incomeBeforeTax": 86549000,
      "incomeTaxExpense": -2893000,
      "netIncomeFromContinuingOperations": 89442000,
      "netIncomeFromDiscontinuedOperations": 0,
      "otherAdjustmentsToNetIncome": 0,
      "netIncome": 70391000,
      "netIncomeDeductions": 0,
      "bottomLineNetIncome": 70391000,
      "eps": 0.69,
      "epsDiluted": 0.69,
      "weightedAverageShsOut": 101438000,
      "weightedAverageShsOutDil": 101881000
    },
    {
      "date": "2016-03-31",
      "symbol": "WYNN",
      "reportedCurrency": "USD",
      "cik": "0001174922",
      "filingDate": "2016-05-06",
      "acceptedDate": "2016-05-06 16:15:23",
      "fiscalYear": "2016",
      "period": "Q1",
      "revenue": 997678000,
      "costOfRevenue": 607968000,
      "grossProfit": 389710000,
      "researchAndDevelopmentExpenses": 0,
      "generalAndAdministrativeExpenses": 117445000,
      "sellingAndMarketingExpenses": 0,
      "sellingGeneralAndAdministrativeExpenses": 117445000,
      "otherExpenses": -5486000,
      "operatingExpenses": 229891000,
      "costAndExpenses": 837859000,
      "netInterestIncome": -41293000,
      "interestIncome": 3479000,
      "interestExpense": 44772000,
      "depreciationAndAmortization": 77971000,
      "ebitda": 236269000,
      "ebit": 154482000,
      "nonOperatingIncomeExcludingInterest": 3816000,
      "operatingIncome": 158298000,
      "totalOtherIncomeExpensesNet": -48588000,
      "incomeBeforeTax": 109710000,
      "incomeTaxExpense": 3918000,
      "netIncomeFromContinuingOperations": 105792000,
      "netIncomeFromDiscontinuedOperations": 0,
      "otherAdjustmentsToNetIncome": 0,
      "netIncome": 75221000,
      "netIncomeDeductions": 0,
      "bottomLineNetIncome": 75221000,
      "eps": 0.74,
      "epsDiluted": 0.74,
      "weightedAverageShsOut": 101392000,
      "weightedAverageShsOutDil": 101686000
    },
    {
      "date": "2015-12-31",
      "symbol": "WYNN",
      "reportedCurrency": "USD",
      "cik": "0001174922",
      "filingDate": "2016-02-29",
      "acceptedDate": "2016-02-29 09:35:54",
      "fiscalYear": "2015",
      "period": "Q4",
      "revenue": 946902000,
      "costOfRevenue": 575983000,
      "grossProfit": 370919000,
      "researchAndDevelopmentExpenses": 0,
      "generalAndAdministrativeExpenses": 112247000,
      "sellingAndMarketingExpenses": 0,
      "sellingGeneralAndAdministrativeExpenses": 112247000,
      "otherExpenses": 4313000,
      "operatingExpenses": 212487000,
      "costAndExpenses": 788470000,
      "netInterestIncome": -71034000,
      "interestIncome": 2574000,
      "interestExpense": 73608000,
      "depreciationAndAmortization": 77201000,
      "ebitda": 229061000,
      "ebit": 195980000,
      "nonOperatingIncomeExcludingInterest": -44120000,
      "operatingIncome": 151860000,
      "totalOtherIncomeExpensesNet": -29488000,
      "incomeBeforeTax": 88604000,
      "incomeTaxExpense": -16190000,
      "netIncomeFromContinuingOperations": 127238000,
      "netIncomeFromDiscontinuedOperations": 0,
      "otherAdjustmentsToNetIncome": -22444000,
      "netIncome": 87221000,
      "netIncomeDeductions": 0,
      "bottomLineNetIncome": 87221000,
      "eps": 0.86,
      "epsDiluted": 0.86,
      "weightedAverageShsOut": 101200000,
      "weightedAverageShsOutDil": 101459000
    },
    {
      "date": "2015-09-30",
      "symbol": "WYNN",
      "reportedCurrency": "USD",
      "cik": "0001174922",
      "filingDate": "2015-11-06",
      "acceptedDate": "2015-11-06 16:40:07",
      "fiscalYear": "2015",
      "period": "Q3",
      "revenue": 996285000,
      "costOfRevenue": 622884000,
      "grossProfit": 373401000,
      "researchAndDevelopmentExpenses": 0,
      "generalAndAdministrativeExpenses": 116639000,
      "sellingAndMarketingExpenses": 0,
      "sellingGeneralAndAdministrativeExpenses": 116639000,
      "otherExpenses": 14179000,
      "operatingExpenses": 219640000,
      "costAndExpenses": 842524000,
      "netInterestIncome": -72614000,
      "interestIncome": 1465000,
      "interestExpense": 74079000,
      "depreciationAndAmortization": 80649000,
      "ebitda": 233423000,
      "ebit": 194926000,
      "nonOperatingIncomeExcludingInterest": -42152000,
      "operatingIncome": 152774000,
      "totalOtherIncomeExpensesNet": -31927000,
      "incomeBeforeTax": 87079000,
      "incomeTaxExpense": -3906000,
      "netIncomeFromContinuingOperations": 113429000,
      "netIncomeFromDiscontinuedOperations": 0,
      "otherAdjustmentsToNetIncome": 0,
      "netIncome": 73766000,
      "netIncomeDeductions": 0,
      "bottomLineNetIncome": 96210000,
      "eps": 0.95,
      "epsDiluted": 0.95,
      "weightedAverageShsOut": 101161000,
      "weightedAverageShsOutDil": 101581000
    }
  ]
}